3008 4734
224 315 266 370 De
283 314 452 372 Dioscuridis
470 319 535 390 περὶ
552 321 611 374 τῶν
628 311 696 391 παρ’
710 312 819 396 Ὁμήρῳ
836 315 935 388 νόμων
951 320 1049 376 libello.
1170 319 1209 380 97

219 483 318 566 ἰχθύν
341 479 374 550 δ’
391 478 542 575 Ὅμηρος
564 482 714 555 ἐσθίοντ’
741 489 849 578 ε’ίρηκε
870 493 938 556 ποῦ

217 590 381 652 τίνατῶν
401 580 561 672 Ἀχαιῶν,·
588 595 667 677 κρέα
689 591 725 656 δέ
747 585 849 673 μόνον
871 587 1002 671 ῶπτων,
1027 589 1102 657 ἐπεὶ

219 685 346 772 ἕψοντα
367 682 399 774 y'
425 683 463 754 οῦ
486 697 669 779 πεποίηκεν
691 685 801 758 αῦτῶν
824 686 951 759 οὐδένα.

219 782 294 852 ἀλλ’
321 782 478 873 οῦδεμίαν
501 786 602 878 άλλην
625 791 759 878 ἑταίραν
782 790 850 860 είδέ
871 817 924 870 τις

219 883 336 971 αῦτῶν,
360 889 497 970 ἐαυτούς
519 887 552 957 δ)
579 892 699 982 ἐδεφον
722 893 891 971 ἐνιαυτούς
914 894 1001 959 δέκα.
1232 908 1247 956 5

217 990 340 1077 πικρὰν
363 999 540 1078 στρατείαν
563 987 596 1058 δ’
623 992 720 1078 εἶχον,
745 995 864 1072 οἵτινες
886 994 986 1061 πόλιν

217 1098 277 1180 βίη
299 1093 457 1178 λαβόντες
480 1088 783 1182 εὐρυπρωκτότεροι
805 1095 891 1163 πολὺ

217 1198 276 1282 της
297 1195 429 1273 πόλεως
452 1189 672 1284 ἀπεχώρησαν
693 1192 732 1282 ἧς
754 1197 842 1264 εἶλον
864 1196 949 1264 τότε.
1016 1199 1021 1210 ’

61 1295 141 1360 ουδὲ
162 1293 222 1360 τὸν
245 1289 328 1382 άέρα
350 1289 382 1361 δ’
407 1296 438 1362 οἱ
460 1289 565 1384 ἥρωες
587 1312 658 1374 τοῖς
680 1293 808 1383 όρνισιν
833 1299 910 1365 ε’ίων
933 1297 1119 1383 ἐλεύθερον,
1142 1323 1210 1363 πα-

59 1395 159 1480 γίδας
186 1398 243 1462 καὶ
266 1399 406 1485 νεφέλας
433 1397 491 1464 ἐπὶ
512 1411 587 1474 ταῖς
616 1400 742 1480 κίχλαις
770 1403 825 1466 καὶ
849 1399 1022 1466 πελειάσιν
1051 1391 1208 1475 ἱστάντες.
1234 1413 1262 1463 10

61 1495 282 1582 ἐγυμνάζοντο
314 1498 350 1564 δὲ
379 1497 471 1583 πρὸς,
494 1493 788 1588 ὀρνεοθηρευτικήν
810 1499 870 1588 τὴν
892 1499 1054 1566 πελειάδα
1081 1504 1122 1587 τῇ
1146 1526 1210 1588 μη-

60 1603 174 1683 ρίνθῳ
189 1599 365 1684 κρεμάντες
388 1592 456 1666 ἇπδ
474 1598 551 1688 νηός
574 1601 668 1667 ίστοῦ
688 1604 742 1667 καὶ
765 1601 954 1680 τοξεύοντες
976 1601 1140 1690 ἑκηβόλως
1163 1601 1210 1679 εἰς

61 1693 177 1785 αύτήν,
201 1696 247 1777 ῶς
269 1699 303 1766 ἐν
325 1704 373 1786 τῷ
395 1699 566 1790 ἐπιταφίῳ
589 1702 747 1790 δηλοῦται
768 1707 819 1782 (Ψ
832 1707 916 1783 852).

149 1803 290 1870 Athen.
311 1805 402 1870 113⁰
424 1796 462 1869 σύ
485 1803 682 1891 μνημονεύει
698 1805 733 1870 δὲ
747 1805 902 1893 τοιαύτης
924 1804 1048 1891 ἐδωδῆς
1071 1804 1209 1872 ἐπὶτῶν

62 1904 222 1983 δείπνων,
245 1899 291 1982 ῶς
306 1897 364 1970 οῦκ
378 1903 503 1982 οἰκείας
519 1903 732 1992 νομιζομένης
746 1909 805 1994 τῆς
819 1909 945 1994 τροφῆς
966 1919 1037 1984 τοῖς
1059 1905 1093 1972 ἐν
1109 1900 1210 1984 άξιῶ-
1234 1919 1261 1969 15

61 2026 169 2088 μασιν
190 1997 296 2092 ἥρωσι
318 2010 490 2088 κειμένοις,
513 2001 559 2082 ῶς
581 1999 657 2071 οῦδὲ
679 2009 737 2094 τῆς
756 2010 823 2072 τῶν
839 2011 978 2093 νεογνῶν
995 2008 1133 2095 ἱερείων.
1172 2001 1209 2074 οῦ

60 2106 168 2190 μόνον
197 2105 233 2172 δὲ
263 2105 397 2188 ἰχθύσιν
427 2100 511 2172 άλλὰ
539 2110 595 2174 καὶ
627 2100 792 2191 ὀστρείοις
825 2107 982 2193 ἐχρῶντο,
1014 2112 1210 2194 καίτοιτῆς

60 2208 190 2274 τούτων
213 2206 338 2294 ἐδωδῆς
361 2201 398 2274 οῦ
421 2207 507 2275 πολύ
531 2206 666 2296 ἐχούσης
693 2207 732 2275 τδ
756 2202 926 2296 ὠφέλιμον
948 2211 1003 2274 καὶ
1025 2205 1096 2295 ἡδύ,
1125 2202 1209 2274 άλλὰ

61 2303 125 2374 κάν
140 2313 189 2395 τῶ
209 2313 307 2394 βυθηῦ
329 2308 412 2376 κατὰ
433 2307 544 2393 βάθος
565 2313 732 2391 κειμένων.
766 2312 822 2375 καὶ
845 2303 903 2375 οῦκ
924 2309 1013 2376 ἐστιν
1036 2309 1084 2388 εἰς
1105 2314 1210 2376 ταῦτα

62 2407 149 2498 άλλη
171 2413 236 2478 τινὶ
259 2415 352 2498 τέχνῃ
372 2409 567 2497 χρησασθαι
588 2400 609 2497 ἢ
632 2409 732 2476 δύντα
754 2409 838 2476 κατδι
858 2409 978 2494 βυθοῦ.
1231 2425 1260 2474 20

217 2497 238 2598 ἦ
260 2505 340 2595 μάλ’
366 2510 511 2598 ἐλαφρός
534 2505 625 2599 ἀνήρ,
648 2510 686 2590 ὃς
707 2512 780 2600 ῥεῖα
801 2516 941 2600 κυβιστᾷ
964 2517 1013 2593 (Π
1026 2515 1109 2593 745),

63 2611 104 2679 ὃν
126 2615 180 2679 καὶ
204 2615 292 2698 λέχει
313 2609 459 2690 πολλοὺς
482 2602 522 2679 άν
543 2618 680 2700 κορέσαι
700 2613 809 2699 τήθεα
832 2613 992 2702 διφῶντα.

513 2760 597 2866 xm
622 2803 673 2879 (ιι.
696 2802 765 2879 ιιι).

150 2917 404 2984 Athon.124⁰
433 2921 639 2999 παρετίθετο
663 2917 699 2982 δέ
720 2929 791 2992 τοῖς
818 2909 924 3001 ἥρωσι
953 2917 1126 2982 δειπνοῦσι
1153 2919 1209 2982 καὶ
1271 2902 1275 2912 ’

65 3017 201 3100 λάχανα.
224 3010 278 3084 ότι
290 3017 325 3087 δέ
341 3017 455 3084 σ’ίδασι
468 3015 530 3092 τὰς
545 3019 719 3099 λαχανείας
735 3017 834 3104 δῆλον
846 3016 881 3082 ἐκ
894 3020 961 3082 τῶν
973 3015 1066 3100 παρά
1078 3022 1209 3084 νείατον

65 3115 163 3205 όρχον
177 3122 350 3207 κοσμητῶν
364 3121 519 3205 πρασιῶν
542 3123 573 3206 (η
592 3123 672 3196 127).
711 3112 794 3184 ἀλλὰ
816 3115 881 3203 μὴν
902 3119 1051 3195 καὶτοῖς
1073 3143 1208 3200 κακοχυ-
1231 3137 1261 3186 25

64 3219 225 3305 μστάτοις
245 3219 400 3308 κρομύοις
422 3219 579 3309 ἐχρῶντο·

218 3320 277 3390 ἐπὶ
299 3323 335 3388 δέ
356 3321 497 3410 κρόμυον
518 3325 626 3390 ποτοῦ
647 3315 735 3406 όψον
758 3326 808 3399 (Λ
822 3324 906 3398 630).

66 3532 142 3586 νους
164 3511 328 3588 ποιοῦντι,
350 3508 433 3595 μήτε
453 3505 530 3586 τοῦς
543 3506 726 3584 Ὀδυσσέως
747 3505 898 3592 ἑταίρους
921 3504 954 3571 ἐν
970 3506 1046 3589 πλῶ
1060 3505 1208 3592 τοσούτῳ

65 3613 120 3676 καὶ
144 3608 178 3676 ἐν
200 3609 353 3696 θαλάττῃ
376 3612 457 3696 πρὶν
480 3608 528 3686 εἰς
554 3608 690 3694 ἐσχάτην
713 3607 826 3674 ἐλθεῖν
849 3601 1004 3692 άπορίαν.

151 3715 191 3778 25
204 3733 273 3796 sqq.
303 3715 403 3780 Plut.
427 3719 548 3797 quaesi
565 3714 690 3780 οοιινίν.
707 3713 782 3778 1v4
803 3712 877 3778 1118
899 3707 936 3774 τὸ
959 3708 1020 3792 μὲν
1034 3704 1208 3797 γὰρὉμη-
1232 3729 1260 3778 ιο

67 3834 271 3846 ι-υ-α-

152 3899 301 3952 Διατοιιιιε
328 3899 359 3950 23
369 3911 427 3965 sqq.
449 3871 674 3950 Aristarchus
692 3893 727 3948 ad
744 3896 831 3949 11747
849 3892 917 3947 Ven.
930 3893 964 3948 Δ.

70 3997 268 4028 ”““”“’””““Γ““

151 4055 168 4105 4
186 4041 251 4107 άλλ’
270 4040 335 4106 σύδέ
351 4049 419 4118 μίαν
436 4039 501 4104 ἄλλ’
519 4045 612 4101 nodi:
632 4059 702 4100 corr.
720 4042 881 4100 Meinekius.

116 4151 235 4208 Ῑιοίριίςει
247 4151 346 4194 Studien.
364 4151 401 4194 11.
1007 4148 1021 4197 7
