3018 4736
301 313 361 374 162
743 310 879 365 Robertus
898 309 997 364 Weber

385 486 475 552 Haec
496 490 569 551 sunt
590 503 673 568 quae
695 485 727 548 in
750 482 812 549 hac
833 482 935 548 altera
957 481 1100 547 oratione
1124 501 1194 548 cum
1209 481 1379 546 Athenaeo
1405 482 1454 544 ita

301 589 495 671 conspirant,
517 593 552 650 ut
574 592 660 651 certo
682 585 724 650 ad
747 583 970 650 Dioscuridem
993 583 1162 650 referenda
1177 583 1357 648 videantur.
1398 582 1453 648 De

302 691 375 755 aliis
397 687 532 773 posthac
554 687 744 752 videbimus.
782 683 982 768 Quamquam
1000 685 1096 752 facile
1112 685 1274 766 conicitur,
1298 703 1384 766 quae
1409 684 1454 750 dc

302 791 428 875 templis
450 795 615 854 narrentur
637 786 787 854 ornandis
810 786 947 853 hostium
969 789 1066 852 armis
1088 789 1131 870 (p.
1149 789 1189 850 83
1200 787 1250 867 R),
1274 785 1316 850 de
1338 785 1454 852 Ulixis

302 893 400 958 domo
426 890 518 955 firma
546 895 642 972 atque
672 895 740 954 tuta
762 891 804 972 (p.
822 891 862 952 86
874 889 914 964 R)
938 887 999 954 hac
1027 908 1154 971 quoque
1184 893 1274 971 parte
1297 886 1455 951 omnibus

300 992 536 1074 antecellentis,
567 990 672 1056 cidem
701 990 811 1056 deberi
834 990 929 1072 fonti,
958 991 1078 1073 quippe
1107 1007 1189 1070 quae
1212 987 1362 1071 opposita
1383 988 1458 1052 sint

301 1095 491 1160 Homericae
524 1093 572 1156 illi
604 1092 638 1156 in
667 1091 885 1158 describendis
918 1091 1065 1157 domibus
1092 1089 1230 1155 Menelai
1258 1095 1290 1156 et
1317 1089 1454 1154 Alcinoi

301 1194 565 1277 magnificentiae.
600 1191 666 1258 Sed
688 1193 802 1258 desunt
824 1199 910 1258 certa
931 1197 1127 1274 argumenta.
1162 1189 1251 1268 Quae
1273 1197 1379 1255 autem
1407 1189 1455 1254 de

301 1294 459 1360 Diomede
480 1295 513 1358 in
535 1294 621 1378 pelle
643 1294 762 1360 bubula
789 1295 993 1360 recumbente
1015 1295 1162 1375 leguntur
1184 1313 1215 1375 p.
1232 1293 1316 1358 87ss
1338 1292 1388 1369 (ir.
1408 1292 1453 1372 8),

303 1397 350 1462 eis
372 1395 459 1480 apud
473 1394 674 1462 Athenaeum
697 1414 738 1460 ex
760 1414 848 1462 more
863 1393 1065 1462 Dioscuridei
1081 1396 1187 1478 operis
1203 1395 1294 1478 quasi
1313 1413 1451 1478 respon·

302 1496 378 1562 dere
400 1496 558 1580 videntur,
581 1515 663 1580 quas
685 1517 716 1580 p.
736 1495 789 1559 17¹³
811 1497 860 1571 (fr.
878 1499 928 1573 15)
951 1496 993 1561 de
1013 1496 1131 1562 Aretac
1154 1502 1186 1562 et
1206 1497 1353 1562 Nestoris
1374 1515 1450 1559 nar-

302 1604 410 1663 rantur
431 1599 579 1681 pretiosis
608 1600 758 1681 stragulis
782 1605 814 1663 et
841 1599 933 1665 lectis
962 1597 1125 1679 eleganter
1147 1598 1345 1664 constructis.
1393 1596 1450 1660 Ad

302 1719 398 1782 quam
414 1699 674 1766 consuetudinem
688 1707 835 1783 putamus
856 1700 1016 1782 pertinere
1031 1698 1145 1764 Dionis
1160 1699 1319 1782 quaedam
1335 1698 1449 1780 verba,

303 1820 385 1884 quae
408 1802 513 1876 insunt
535 1801 568 1864 iu
589 1801 720 1866 alterius
743 1802 896 1866 orationis
919 1800 1034 1866 mediis
1056 1801 1125 1866 istis
1148 1801 1305 1883 exemplis
1327 1799 1448 1864 Home·

302 1902 388 1968 ricae
410 1903 690 1985 interpretationis,
714 1901 755 1966 de
778 1921 841 1984 qua
856 1901 952 1967 modo
968 1901 1210 1984 disputavimus.
1249 1901 1330 1967 Sunt
1345 1901 1449 1969 haece

302 2023 334 2086 p.
351 2004 434 2068 87R
456 2004 506 2080 (fr.
525 2005 591 2080 llll:
615 2000 665 2067 δεῖ
688 2000 723 2066 δὲ
745 2004 804 2066 τοῦ
828 2004 970 2088 ποιητοῦ
992 1999 1034 2065 τὰ
1056 2000 1116 2084 μὲν
1139 1996 1185 2077 ιδς
1207 2000 1449 2085 συμβουλεύον-

302 2125 359 2178 τος
386 2104 441 2167 καὶ
470 2105 713 2186 παραινοῦντος
743 2095 988 2184 ἀποδέχεσθαι,
1019 2099 1060 2166 τὰ
1091 2101 1126 2166 δὲ
1156 2098 1201 2179 ὥς
1231 2101 1450 2190 ἐξηγουμένου

302 2203 418 2286 μόνον,
451 2202 625 2270 πολλὰδὲ
653 2200 699 2282 ιδς
726 2198 945 2284 ὀνειδίζοντος
971 2206 1026 2270 καὶ
1055 2205 1308 2288 καταγελῶντος.
1362 2209 1450 2288 Ergo

302 2309 474 2374 Homerum
498 2309 590 2391 quasi
612 2310 752 2374 omnium
767 2309 918 2374 virtutum
935 2317 966 2374 ct
980 2307 1130 2373 vitiorum
1152 2309 1294 2390 scientia,
1318 2311 1449 2374 omnino

302 2413 389 2476 omni
411 2411 589 2476 eruditione
610 2411 789 2493 praedItum
813 2409 863 2476 his
886 2410 1015 2492 quidem
1030 2411 1126 2474 rebus
1148 2410 1316 2475 docentem
1338 2432 1448 2494 agere,

302 2513 367 2576 illis
396 2512 584 2576 referentem
612 2517 734 2576 tantum
763 2513 872 2575 statuit
895 2510 1154 2594 Chrysostomus,
1184 2512 1308 2578 tertium
1338 2519 1447 2578 autem

304 2612 390 2694 quod
405 2613 667 2677 commemoratur
682 2611 724 2676 de
739 2611 893 2676 illudente
905 2611 1056 2692 Homero,
1072 2612 1220 2676 nimirum
1235 2614 1328 2695 quasi
1343 2615 1448 2697 primo

304 2714 491 2779 continetur.
529 2711 623 2790 Quod
646 2711 733 2776 haud
755 2712 821 2778 scio
843 2732 885 2776 an
908 2712 988 2778 bene
1012 2714 1158 2778 concinat
1180 2733 1251 2779 cum
1274 2716 1447 2780 stoicorum

302 2815 435 2898 ratione,
458 2815 490 2878 in
513 2834 576 2896 qua
599 2812 777 2878 excolenda
800 2813 846 2880 eis
868 2815 1029 2897 praeierat
1050 2815 1265 2900 Antisthenes,
1289 2819 1345 2900 qui
1368 2837 1447 2899 quo·

302 2916 399 2982 modo
424 2916 598 2982 Homerum
631 2916 829 2999 interpretati
864 2916 941 2996 sint,
976 2915 1039 2982 Dio
1071 2923 1205 2983 testatur
1236 2919 1269 2982 in
1302 2939 1347 2984 or.
1372 2920 1447 2983 Llll

181 3079 182 3084 ,
303 3039 334 3101 p.
350 3019 503 3083 276R11:
531 3011 566 3082 Ὁ
595 3015 629 3081 δὲ
652 3015 768 3100 Ζήνων
797 3007 891 3081 οὐδὲν
919 3018 985 3080 τιῦν
1013 3019 1071 3081 τοῦ
1092 3012 1231 3103 Ὁμήρου
1256 3022 1353 3102 ψέγει
1376 3011 1446 3101 ἅμα

303 3116 514 3205 διηγούμενος
529 3119 583 3182 καὶ
606 3116 779 3198 διδάσκων,
803 3115 856 3182 δτι
877 3114 918 3181 τὰ
940 3117 1000 3198 μὲν
1014 3115 1097 3182 κατὰ
1114 3117 1222 3198 δόξαν,
1245 3118 1287 3184 τὰ
1310 3119 1347 3185 δέ
1361 3119 1446 3185 κατὰ

302 3212 465 3306 ἀλήθειαν
486 3223 657 3305 γέγραφεν,
680 3211 775 3295 ὅπως
796 3216 839 3304 μὴ
865 3223 1025 3304 φαίνηται
1042 3213 1140 3295 αὐτὸς
1156 3215 1245 3304 αδτῴ
1260 3220 1447 3304 μαχόμενος

302 3319 337 3386 έν
352 3342 422 3385 τισι
438 3319 589 3384 δοκούοιν
604 3316 760 3395 ἐναντίως
776 3318 935 3404 εἰρῆσθαι
938 3370 1029 3386 .....
1075 3317 1124 3386 λ’τι
1147 3319 1183 3385 δέ
1205 3323 1258 3386 καὶ
1275 3328 1447 3409 Περσαῖος

302 3417 319 3486 ὁ
344 3423 402 3486 τοῦ
423 3419 577 3508 Ζήνωνος
599 3419 682 3484 κατὰ
704 3419 762 3506 τὴν
787 3413 887 3505 αὐτὴν
909 3417 1076 3486 διιδθεοιν
1104 3426 1248 3510 γέγραφε
1270 3424 1324 3488 καὶ
1350 3419 1445 3505 ἄλλοι
1495 3471 1496 3478 ι

302 3523 448 3600 πλείοις.
482 3523 584 3602 Quem
595 3525 699 3590 locum
711 3544 811 3608 nuper
826 3526 911 3604 bene
920 3526 1095 3608 explicarit
1106 3527 1219 3593 Dionis
1230 3528 1373 3593 oratione
1386 3530 1446 3594 Vll
1495 3483 1496 3559 λ

302 3645 333 3708 p.
350 3629 411 3688 254
423 3645 470 3708 sq.
486 3627 514 3691 R
536 3625 681 3690 adhibita
702 3627 854 3692 Ernestus
872 3627 989 3692 Weber
1003 3628 1023 3691 l.
1040 3629 1061 3692 l.
1081 3648 1112 3710 p.
1129 3631 1190 3691 224
1202 3648 1249 3710 sq.
1285 3629 1443 3696 Nimirum

303 3745 385 3807 quae
408 3745 449 3790 ex
471 3728 605 3793 veritate
620 3727 778 3793 Homerus
800 3749 820 3792 a
842 3729 949 3794 stoicis
972 3727 1093 3795 dixisse
1114 3728 1252 3812 fingitur,
1275 3749 1314 3796 ea
1336 3741 1445 3799 nostra

300 3828 336 3892 in
356 3846 391 3892 re
407 3846 479 3892 eum
495 3827 661 3896 docentem
676 3829 797 3896 inducit
818 3829 925 3896 rhetor
940 3829 1115 3914 Prusensis,
1139 3851 1221 3913 quae
1236 3852 1277 3896 ex
1293 3835 1442 3916 opinione
1494 3839 1495 3882 i

302 3927 465 3995 hominum
480 3950 624 3998 narrasse
640 3931 764 4016 dicitur,
782 3925 973 4016 ῐἡγούμενος
988 3927 1046 4016 τὴν
1061 3932 1126 3995 τῶν
1141 3931 1276 3996 πολλῶν
1292 3931 1443 4000 διάνοιαν

301 4035 382 4115 περί
403 4053 439 4094 τε
453 4028 599 4094 πλούτου
614 4033 668 4097 καὶ
684 4034 750 4097 τῶν
766 4026 883 4112 ἄλλων,
907 4029 928 4097 ἃ
948 4025 1166 4114 θαυμάζουσί
1185 4035 1257 4114 (VII
1272 4055 1303 4118 p.
1316 4039 1379 4100 254
1394 4039 1441 4122 Β),
