3018 4736
246 299 289 353 De
306 298 474 353 Dioscuridis
492 302 558 370 περὶ
575 302 635 354 τῶν
652 291 726 371 παρ’
740 293 853 374 Ὁμήρῳ
870 293 968 367 νόμων
985 297 1085 353 libello.
1176 298 1235 356 191

78 474 167 539 loeo
183 472 297 557 quibus
312 471 406 537 huius
418 473 525 555 operis
536 473 655 537 mentio
670 471 706 537 fit
719 471 808 556 apnd
821 469 1022 537 Athenaeum
1038 473 1081 554 (p.
1096 469 1238 553 140b02f),

82 573 319 640 Dioscuridem
347 573 522 640 Persaeum
549 573 683 638 stoicum
712 579 855 640 secutum
883 591 954 638 esse
981 571 1103 656 apertis
1130 573 1239 638 verbis

82 675 263 742 indicatur.
299 675 351 742 Ab
374 677 548 742 stoicorum
569 681 677 741 autem
699 674 813 741 studiis
831 694 904 740 eum
921 673 962 740 de
984 694 1047 757 quo
1071 693 1175 740 sermo
1191 679 1240 740 est

83 797 159 844 non
174 778 315 843 alienum
330 777 430 844 fuisse
442 797 538 860 supra
549 777 627 842 satis
643 777 929 860 comprobavimus.
958 777 1060 842 Immo
1076 776 1110 840 in
1124 776 1239 842 Dionis

83 879 151 945 illo
174 880 246 946 loco
263 879 415 946 orationis
429 879 506 944 LIII
519 900 551 963 p.
568 882 629 944 276
645 880 673 944 R
687 897 714 943 11
736 877 777 944 de
792 879 971 944 Homericis
987 879 1159 944 stoicorum
1174 883 1238 943 stu-

84 981 157 1046 diis
168 982 302 1046 multum
314 982 445 1064 agitato,
462 981 503 1047 de
518 1000 580 1063 qno
596 1000 654 1048 nos
670 999 796 1064 quoque
813 980 1047 1064 disputavimus
1062 999 1094 1063 p.
1110 981 1169 1042 162
1179 998 1239 1062 sq.,
1313 1051 1318 1063 ¹

84 1084 197 1166 ipsius
219 1083 350 1149 Persaei
372 1085 529 1148 excitatur
549 1083 717 1148 memoria:
741 1082 791 1146 ’ἑτι
813 1080 849 1146 δὲ
871 1082 927 1146 καὶ
948 1085 1118 1166 Περσαῖος
1139 1074 1156 1145 o‘
1179 1081 1239 1144 τοῦ

84 1181 249 1267 Ζήνωνος
270 1183 354 1247 κατὰ
377 1180 437 1268 τὴν
459 1177 560 1268 αὐτὴν
582 1178 750 1248 ὑπόθεσιν
772 1186 916 1270 γέγραφε
937 1183 993 1247 καὶ
1023 1175 1119 1246 ἄλλοι
1141 1181 1238 1246 πλοί-

85 1309 162 1362 ους.
207 1285 310 1364 Quam
333 1287 374 1354 ob
396 1307 465 1352 rem
487 1285 537 1351 his
560 1305 687 1368 quoque
714 1287 809 1353 rebus
837 1288 918 1352 inter
939 1291 1108 1367 utrumque
1130 1284 1239 1351 viucu-

85 1391 162 1456 lum
184 1389 346 1471 quoddam
368 1387 565 1454 intercedere
588 1393 643 1454 tuo
666 1389 734 1454 iure
750 1389 899 1454 conicias.
937 1387 1018 1453 (lum
1039 1391 1145 1452 autem
1163 1385 1240 1452 stoi-

86 1511 149 1556 cos
172 1489 383 1572 potissimum,
406 1489 578 1571 Zenonem,
602 1490 784 1572 Persaeum,
807 1488 988 1574 Sphaernm
1003 1487 1094 1554 dere
1109 1488 1239 1572 publica

88 1589 326 1676 Spartadorum
352 1591 451 1659 libros
481 1590 663 1657 condidisse
686 1596 862 1674 constaret,
891 1590 1116 1656 Dioscuridem
1138 1587 1238 1673 Chry·

89 1693 180 1776 sippi
195 1693 334 1758 amicum
349 1691 443 1759 huius
465 1693 539 1758 libri
561 1699 722 1758 auctorem
739 1711 810 1759 csse
824 1693 949 1758 Ionsius
971 1691 1110 1769 voluitl)
1148 1691 1238 1757 Atta-

90 1815 179 1876 men,
191 1814 267 1858 num
279 1795 407 1860 omnino
419 1795 581 1876 scripserit
593 1794 658 1876 ille,
671 1795 839 1879 nescimus,
855 1801 890 1860 ut
899 1795 1087 1877 praevalere
1098 1798 1239 1859 nostram

90 1896 250 1962 rationem
274 1914 383 1961 omnes
407 1915 612 1962 concessuros
636 1915 706 1962 esse
728 1902 884 1981 putemus.

181 1995 304 2074 Quodsi
326 2016 440 2062 revera
461 1995 661 2082 Λακωνικὴν
683 1998 859 2062 πολιτείαν
880 1998 1008 2080 scripsit
1036 1996 1122 2062 idem
1145 1996 1238 2061 Dios-

92 2099 223 2168 curides
247 2099 301 2182 qui
323 2099 468 2165 libellum
490 2101 569 2184 περὶ
591 2101 657 2165 τῶν
672 2091 756 2184 παρ’
772 2093 902 2185 Ὁμήρῳ
918 2096 1028 2180 νόμων
1050 2098 1238 2181 composuit,

91 2201 319 2286 angustoribus
348 2201 491 2267 terminis
513 2207 651 2267 aetatem
672 2203 748 2268 licet
772 2199 1040 2267 circumscribere.
1091 2200 1239 2265 Numer

94 2305 228 2386 Didymi
251 2302 420 2384 diligentia
441 2323 575 2368 conrasa
589 2309 677 2386 sunt>
700 2323 782 2386 quae
806 2304 839 2368 in
859 2302 933 2367 libri
947 2303 992 2366 IV
1014 2300 1065 2367 his
1081 2301 1238 2384 capitibus

94 2408 193 2484 (certe
221 2404 297 2470 inde
318 2425 339 2468 a
359 2425 391 2488 p.
417 2406 621 2478 1380—1410)
649 2405 831 2470 auctoribus
859 2405 939 2470 raris
969 2410 1001 2469 et
1030 2409 1152 2468 tantum
1175 2421 1239 2466 non

93 2507 197 2573 unicis
219 2505 358 2571 laudatis
381 2505 421 2572 de
444 2505 772 2572 Lacedaemoniorum
793 2506 887 2572 rebus
910 2511 1104 2570 enarrantur.
1145 2501 1239 2581 Quod

93 2614 203 2674 autem
225 2609 327 2690 ipsius
351 2607 550 2674 Dioscuridis
572 2609 692 2674 mentio
714 2609 755 2673 ab
777 2607 919 2690 Didymo
942 2609 1003 2672 fuit
1025 2607 1159 2689 iniecta,
1189 2605 1238 2672 his

94 2710 333 2792 comprobatur:
350 2708 468 2774 Contra
479 2709 685 2774 Polemonem
697 2708 818 2774 inducit
829 2709 1044 2793 disputantem
1054 2708 1239 2773 Athenaeus

94 2811 288 2894 Didymum,
310 2830 342 2892 p.
366 2812 454 2874 139⁰:
483 2810 588 2872 ταῦτα
616 2807 675 2889 μὲν
704 2802 721 2872 ὁ
750 2797 923 2892 Πολέμων.
969 2806 1055 2894 πρὸς
1081 2806 1119 2874 ὂν
1148 2800 1240 2872 ἄντι-

95 2915 199 2996 λέγιυν
220 2909 370 2992 Δίδυμος
398 2909 415 2974 ὃ
445 2906 693 2994 γραμματικὸς.
711 2958 718 2972 .
735 2911 819 2996 φησὶ
840 2907 935 2974 τάδε·
967 2906 1182 2994 Πολυκράτης
1205 2904 1239 2971 ἓν

93 3027 167 3088 τοῖς
182 3019 394 3087 Λακωνικοῖς
409 3012 476 3075 κτλ.
512 3013 562 3078 De
578 3011 769 3078 Dioscuride
783 3018 890 3078 antem
912 3011 995 3076 infra
1009 3017 1081 3077 suut
1102 3031 1133 3094 p.
1148 3007 1237 3076 140b:

95 3110 181 3181 ἀλλὰ
204 3111 267 3200 μὴν
291 3107 361 3179 οὐδ’
388 3105 626 3198 ὀρθαγορίσκοι
649 3113 809 3197 λέγονται,
833 3103 878 3188 ὥς
907 3134 1009 3199 φησιν
1034 3108 1051 3176 ὂ
1075 3112 1239 3193 Πολέμων

95 3219 149 3298 (cf.
172 3239 268 3300 supra
289 3237 320 3301 p.
339 3213 435 3300 1391’),
459 3215 491 3279 οἱ
512 3215 701 3300 γαλαθηνοὶ
719 3227 844 3298 χοῖροι,
869 3205 942 3278 αἰλλ>
968 3206 1238 3300 ὀρθραγορίσκοι,

63 3321 66 3330 “
97 3317 174 3384 ἐπεὶ
197 3314 283 3402 πρὸς
304 3313 361 3382 τὸν
384 3310 510 3403 ὄρθρον
526 3314 783 3401 πιπράσκονται,
808 3310 853 3392 ὠς
867 3321 1035 3402 Περσαῖος
1059 3315 1184 3401 ἱστορεῖ
1206 3313 1239 3380 ἒν

96 3422 137 3505 τῇ
150 3421 330 3503 Λακωνικῇ
353 3420 508 3506 πολιτείᾳ
522 3421 577 3484 καὶ
595 3417 835 3505 Διοσκουρίδης
859 3416 892 3483 ἐν
910 3418 1050 3503 δευτέρῳ
1065 3419 1239 3494 πολιτείας

97 3523 153 3586 καὶ
173 3512 385 3606 Ἀριστοκλῆς
407 3519 440 3585 ἐν
461 3523 509 3605 τῷ
530 3525 684 3607 προτέρῳ
705 3521 759 3586 καὶ
784 3514 879 3598 οὗτος
900 3523 957 3606 τῆς
979 3518 1153 3585 Λακώνων
1174 3543 1239 3585 πυ·
1323 3503 1327 3514 “

100 3627 234 3699 λιτείας.
279 3622 400 3689 Eodem
420 3624 515 3690 modo
537 3626 571 3690 in
593 3621 760 3689 ἐπαίκλων
782 3625 1041 3707 interpretatione
1057 3627 1099 3707 (p.
1119 3621 1238 3700 140⁶0f)

100 3724 291 3811 proferenda
313 3732 422 3790 contra
437 3726 642 3790 Polemonem
664 3728 706 3792 ab
727 3727 858 3792 Persaei
881 3731 914 3791 et
928 3723 1126 3792 Dioscuridis
1141 3733 1238 3809 parte

101 3835 182 3895 stare
205 3827 330 3892 videtur
353 3825 521 3910 Didymus.

102 3965 300 3975 ...--—-—-

188 4049 211 4110 l)
230 4043 269 4098 cf.
289 4042 444 4099 Fabricium
461 4043 489 4096 in
507 4042 576 4096 Bibl.
592 4041 638 4096 Gr.
650 4043 668 4096 l.
681 4042 699 4097 l.
