3018 4736
294 305 353 364 160
609 279 610 288 ¹
737 307 873 364 Robertus
890 308 990 363 Weber

291 498 364 562 usu,
394 480 497 546 carnis
527 482 687 564 coctione,
709 481 800 564 aliis,
823 486 930 547 tamen
951 482 1021 565 ipse
1044 483 1185 565 ipsarum
1213 501 1318 548 rerum
1348 481 1447 548 haud
1506 471 1507 560 i

291 581 420 664 ignarus
450 580 622 665 inducitur,
660 582 700 647 de
730 603 794 666 qua
822 602 857 648 re
885 583 1047 648 Bruukius
1075 583 1252 666 disputavit
1278 606 1310 669 p.
1334 585 1446 667 8sqq.
1506 581 1507 598 ¹

292 681 496 766 Quantopere
523 689 630 749 autom
658 683 860 751 Aristarchus
888 686 919 752 ei
946 684 1008 751 hac
1036 703 1164 767 quoquc
1192 691 1283 767 parte
1312 687 1446 752 auxilio
1506 687 1507 776 ξ

290 784 395 868 fuerit,
418 805 515 868 supra
529 785 816 853 demonstravimus
831 807 863 870 p.
881 790 941 852 133
954 806 1033 870 sqq,
1057 787 1097 852 cf.
1112 784 1223 850 Lehrs.
1239 787 1261 850 l.
1276 787 1297 850 l.
1313 807 1347 869 p.
1363 788 1444 852 333.
1506 795 1507 852 ἰ

205 893 211 908 ·
291 886 342 952 le
356 885 523 953 Athenaeo
546 906 623 953 vero
646 885 708 953 huc
730 893 884 972 spectant,
907 895 1017 972 utpote
1040 906 1122 970 quac
1145 888 1186 952 ab
1210 886 1344 954 heroum
1359 889 1441 955 sim·
1506 879 1507 964 l

290 988 466 1072 plicissimo
489 990 577 1055 victu
598 1008 728 1072 prorsus
743 989 944 1072 abhorreant,
966 1011 998 1074 p.
1016 993 1068 1054 16ο
1090 989 1138 1067 (fr.
1158 994 1193 1053 11
1216 1011 1248 1072 p.
1265 991 1316 1072 95,
1333 993 1443 1072 6—83
1506 983 1507 1036 Ῑ

290 1091 327 1154 lr.
346 1094 384 1154 17
399 1111 431 1174 p.
448 1094 499 1176 99,
517 1094 578 1175 12),
602 1097 634 1157 et
655 1111 738 1174 quac
753 1092 935 1157 dubitanter
950 1091 1012 1158 huc
1026 1091 1138 1158 referri
1153 1092 1256 1156 voluit
1271 1091 1444 1158 Brunlrius
1506 1089 1507 1160 l

290 1193 333 1276 (p.
350 1196 369 1256 9
385 1192 458 1258 adn.
477 1195 527 1268 14)
551 1192 638 1277 apud
659 1192 775 1258 Athen.
791 1214 822 1276 p.
839 1197 893 1257 25Θ
915 1193 963 1270 (fr.
982 1197 1017 1257 11
1035 1214 1067 1276 p.
1084 1195 1134 1274 95,
1153 1195 1298 1270 14-18).
1331 1195 1444 1260 Immo
1506 1239 1507 1300 ,

289 1293 371 1360 haec
393 1315 520 1378 quoque
535 1295 648 1360 verba:
672 1288 717 1368 ὡς
739 1287 938 1360 ἀνακύπτειν
953 1291 1014 1370 τὰς
1028 1291 1199 1370 Σικελικὰς
1219 1295 1275 1359 καὶ
1290 1298 1444 1380 Σαβαρι-
1506 1303 1507 1368 l

289 1390 383 1471 τικὰς
398 1391 465 1480 [καὶ
482 1389 652 1482 Ἰταλικὸς]
666 1399 687 1475 1)
704 1393 870 1479 τραπέζας
891 1389 952 1482 ἤδη
968 1397 1024 1461 καὶ
1041 1401 1131 1472 Χίας
1145 1397 1233 1462 haud
1248 1403 1443 1464 cunctanter
1506 1377 1507 1402 ¹

289 1497 333 1563 ad
348 1497 571 1564 Dioscuridem
585 1500 763 1582 revocabis,
786 1501 814 1565 si
829 1497 909 1565 haec
924 1499 1050 1565 Dionea
1072 1497 1325 1582 comparaveris:
1348 1489 1443 1563 ὥστε

289 1595 366 1674 τοὺς
388 1601 466 1684 περὶ
488 1602 593 1666 ταῦτα
609 1602 664 1665 νῦν
687 1597 909 1685 ἐπτοημένους
924 1603 1058 1686 Πέρσας
1079 1603 1135 1666 καὶ
1150 1598 1275 1686 Σύρους
1296 1601 1440 1665 καὶτῶν

286 1694 446 1786 Ἑλλήνων
471 1695 659 1780 Ἰταλιώτας
686 1703 741 1767 καὶ
757 1695 872 1778 Ἴωνας
899 1701 983 1789 μηδὲ
1014 1698 1106 1785 ἐγγὺς
1135 1699 1350 1788 ἐφικνεῖσθαι
1377 1704 1442 1787 τῆς
1506 1723 1507 1796 η

289 1795 375 1890 παρ’
398 1798 528 1888 Ὁμήρῳ
548 1809 704 1890 χορηγίας
724 1807 780 1870 καὶ
803 1798 993 1889 ἁβρότητος.
1031 1805 1187 1870 Videntur
1208 1811 1314 1870 autem
1333 1803 1439 1870 Athe·
1506 1815 1507 1886 ,

288 1907 363 1972 naci
378 1907 478 1972 verba
492 1908 670 1972 accuratius
692 1908 785 1973 nobis
799 1906 935 1972 reddere
950 1907 1056 1988 ipsum
1070 1907 1190 1972 fontem
1206 1926 1302 1989 quam
1319 1907 1440 1972 Dionis
1506 1899 1507 1952 l

289 2009 516 2093 simpliciorem
538 2010 665 2091 qualem
680 2007 767 2092 apud
788 2008 1012 2074 Dioscuridem
1026 2009 1156 2090 legebat
1177 2027 1357 2074 sermonem
1379 2028 1439 2074 ex·
1506 2053 1507 2080 l

288 2111 481 2192 aggerantis.
505 2109 666 2176 Brunhius
681 2117 724 2194 (p.
741 2111 794 2186 39)
809 2110 914 2192 ipsum
930 2108 1130 2175 Athenaeum
1150 2109 1230 2176 haec
1245 2111 1345 2176 verba
1360 2130 1438 2176 con-

289 2213 467 2278 sarcinasse
495 2213 557 2278 sibi
579 2213 738 2296 persuasit
759 2232 801 2278 ex
823 2212 904 2276 libro
927 2212 1006 2294 XII,
1036 2211 1091 2276 ubi
1121 2211 1162 2276 de
1184 2210 1438 2293 Tyrrhenorum,

290 2313 479 2397 Siculorum,
503 2313 723 2398 Sybaritarum
744 2315 871 2379 luxuria
893 2313 1051 2379 disseruit.
1092 2311 1159 2379 Sed
1181 2319 1247 2378 tarn
1269 2319 1338 2378 arto
1361 2334 1437 2379 curn
1506 2293 1507 2324 ¹

209 2435 211 2442 ·
289 2417 337 2482 eis
359 2435 442 2498 quae
465 2417 657 2482 antecedunt
679 2414 850 2481 cohaerent
872 2420 904 2478 et
925 2415 970 2478 ita
984 2415 1031 2478 rei
1047 2415 1248 2496 conveniunt,
1271 2419 1307 2478 ut
1328 2415 1437 2499 ipsam

289 2516 372 2583 hane
394 2519 435 2584 ob
458 2536 586 2581 causam
609 2517 666 2580 vix
688 2515 883 2582 secernenda
905 2533 975 2580 esse
997 2520 1154 2597 putemus.
1191 2517 1242 2581 Ne
1264 2515 1305 2582 dc
1324 2517 1436 2583 Timo-

288 2619 347 2685 clis
370 2618 502 2700 quidem
523 2618 705 2684 testimonio
728 2615 930 2682 concedimur
952 2616 1001 2692 (fr.
1020 2620 1056 2678 11
1080 2636 1112 2698 p.
1129 2619 1179 2698 96,
1196 2619 1301 2695 2-4).
1349 2619 1436 2684 Nam

288 2720 376 2803 ipsos
392 2717 489 2786 Chios
511 2721 594 2784 hene
609 2722 870 2784 commemoratos
893 2718 992 2783 fuisse
1007 2736 1180 2799 censemus,
1204 2718 1327 2784 scilicet
1348 2721 1435 2787 unde
1506 2731 1507 2778 1

287 2821 463 2888 Homerum
492 2821 659 2886 oriundum
688 2821 786 2888 fuisse
819 2826 852 2885 ct
880 2820 1039 2884 luxuriam
1067 2820 1195 2885 novisse
1226 2819 1435 2891 Dioscurides
1506 2875 1507 2878 ,

288 2922 423 2989 fortasse
445 2925 621 3007 putaverit,
651 2923 738 3006 quod
766 2924 800 2988 in
829 2923 934 2990 verbis
953 2914 1027 3008 ‘top
1058 2918 1093 2984 dh
1115 2921 1169 2985 καὶ
1191 2915 1294 2995 Χίας1
1328 2925 1435 2991 inesse
1506 2917 1507 3004 1

288 3023 424 3090 videtur.
469 3023 560 3101 Quas
581 3031 688 3090 autem
711 3025 752 3090 de
774 3024 864 3092 chiis
887 3025 1043 3106 dicuntur,
1071 3045 1113 3089 ex
1139 3025 1260 3090 comico
1283 3029 1356 3088 sunt
1378 3021 1435 3089 de·
1506 3011 1507 3056 ³

288 3124 394 3192 ducta.
440 3126 640 3192 Comicorum
662 3127 790 3191 omnino
813 3125 973 3192 studiosus
998 3125 1097 3191 fuisse
1120 3125 1247 3190 videtur
1268 3125 1433 3190 Dioscuri·
1506 3141 1507 3200 η

288 3226 355 3293 des.
398 3225 599 3293 comicorum
620 3247 732 3294 versus
753 3231 856 3310 p.11⁰
877 3227 964 3310 apud
987 3246 1060 3292 eum
1081 3227 1180 3292 fuisse
1208 3226 1358 3292 videntur
1380 3226 1432 3302 (cf.
1506 3211 1507 3240 ¹

288 3325 385 3412 supra
406 3349 438 3412 p.
457 3332 545 3412 ατ),
568 3329 759 3414 liupponis
781 3348 812 3411 p.
831 3331 883 3392 ιν
905 3335 937 3394 a
958 3329 1074 3392 nabun
1096 3349 1127 3411 p.
1144 3331 1197 3391 να
1219 3328 1277 3392 vix
1298 3311 1435 3411 possuit

288 3436 420 3514 propter
440 3451 508 3497 rem
524 3431 554 3496 oi
576 3429 739 3509 detrahi.²)

371 3532 463 3598 Hane
486 3530 621 3600 candem
633 3521 884 3614 ίπο1ντ11ειαν’,
907 3551 970 3614 qua
989 3529 1118 3612 quidem
1135 3531 1241 3613 regias
1264 3537 1295 3594 et
1317 3529 1433 3597 domus

373 3719 398 3780 1)
416 3715 486 3782 Quin
499 3708 560 3770 ικαὶ
577 3705 718 3780 Ἰταλικάς
736 3713 888 3769 Kaibehnm
911 3713 997 3768 secuti
1019 3712 1186 3781 glossematis
1208 3712 1267 3766 loco
1289 3712 1434 3780 irrepsisse

287 3803 420 3869 putemus,
437 3815 492 3854 non
503 3799 661 3869 impedimur
672 3798 791 3854 Dioneo:
805 3792 866 3854 ικαὶ
884 3802 942 3854 τῶν
955 3789 1093 3869 Ἑλλήνων
1109 3788 1286 3860 Ἰταλιώτας.
1316 3795 1369 3864 Qui
1381 3813 1432 3866 pro
1506 3797 1507 3814 ²

288 3884 361 3939 Chiis
378 3884 458 3939 Ionas
470 3883 647 3948 substituerit,
665 3898 727 3938 eum
743 3883 804 3952 pari
820 3885 899 3938 modo
912 3882 1016 3937 Siculas
1034 3886 1061 3935 et
1079 3880 1243 3950 Sybariticas
1256 3895 1363 3936 mensas
1382 3896 1435 3936 sua

287 3975 385 4039 sponte
400 3969 440 4023 ita
458 3969 691 4038 comprehendisse
707 3969 788 4024 facile
805 3968 968 4037 putabimus.
1268 4001 1270 4008 ·
1506 4011 1507 4020 ,

373 4057 397 4122 n)
414 4055 501 4110 Alina
517 4053 653 4109 Brunkius
670 4057 726 4122 ps
744 4052 806 4108 aon.
821 4057 861 4108 11.
