3018 4736
255 307 317 366 184
697 305 833 360 Rohertus
851 303 953 360 Weber

253 478 579 562 Schweighaeuserus
602 481 659 546 illa
680 479 792 546 verba:
823 475 914 554 ξένον
936 468 1103 559 ὑποδοχὴν
1129 470 1194 554 ἐ’χει
1216 472 1268 540 his
1289 472 1399 540 reddi·

254 582 317 647 dit:
338 574 491 648 ‘continet
512 581 593 648 illud
614 581 828 665 receptionem
850 569 1007 662 hospitis’.
1051 575 1117 642 Sed
1143 596 1185 641 ex
1206 574 1399 658 Megaclidis

252 683 378 749 ratione
400 682 462 750 hoo
483 683 549 749 fere
572 684 697 748 volunt:
723 676 877 748 ‘continet
899 679 1035 765 hospitis
1057 679 1271 763 captationem
1300 677 1398 743 hene-

253 785 416 851 volentiae
431 785 511 869 ipsis
525 785 697 850 luxuriosis
709 773 930 865 Phaeacibus',
947 782 1037 846 velut
1049 777 1097 856 εἰς
1107 774 1275 864 ὑποδοχὴν
1291 778 1398 863 λέγειν

253 889 321 951 τινί
343 906 393 952 ex.
416 908 462 970 gr.
485 887 601 970 legitur
629 885 716 971 apud
738 883 932 951 Aeschinem
954 883 998 960 (II
1020 886 1082 957 62).
1127 881 1230 960 Quam
1260 882 1302 948 ob
1329 900 1397 946 rem

254 986 317 1053 hoc
344 986 473 1070 quidem
502 987 699 1053 enuntiatum
727 1007 768 1053 en
790 985 981 1052 Dioscuride
1008 984 1083 1050 huic
1105 984 1203 1067 capiti
1233 983 1397 1050 tessellato

254 1087 432 1172 sophistam
454 1089 599 1155 intulisse
622 1108 796 1154 censemus.
835 1085 929 1164 Quod
951 1091 1057 1152 autem
1073 1085 1289 1168 subsequitur:
1311 1075 1397 1168 ὅπερ
1504 1131 1505 1164 2

256 1181 452 1272 συμβάλλων
478 1212 530 1265 τις
560 1189 646 1272 πρὸς
674 1185 716 1252 τὰ
745 1190 811 1252 τιῦν
840 1185 1038 1273 φιλοσόφων
1067 1184 1240 1269 συμπόσια
1260 1185 1327 1250 κτλ.
1354 1205 1398 1251 ex
1504 1219 1505 1224 ¹

255 1291 407 1358 Herodici
422 1292 562 1375 capitum
579 1294 682 1356 3-18
704 1291 828 1357 ratione
849 1291 919 1356 sive
934 1291 1004 1374 ipse
1019 1291 1081 1356 sibi
1103 1277 1314 1360 conformavit
1327 1289 1397 1354 sive

255 1412 297 1458 ex
318 1393 375 1459 illo
399 1394 546 1460 conrasit.
584 1393 650 1460 Sed
672 1412 755 1476 quae
770 1393 803 1456 in
818 1393 933 1477 capitis
949 1393 1037 1458 exitu
1052 1391 1093 1457 de
1109 1390 1286 1456 Demodoci
1301 1397 1398 1456 cantu
1505 1434 1506 1485 l

255 1500 456 1577 exponuntur
478 1495 526 1573 (fr.
544 1497 583 1559 37
598 1516 630 1579 p.
649 1496 719 1577 116,
738 1495 884 1577 18-22),
906 1495 1021 1559 iterum
1043 1512 1084 1559 ex
1103 1490 1301 1558 Dioscuridis
1324 1491 1396 1557 hor·
1504 1531 1506 1568 z

256 1595 332 1660 tulis
354 1602 427 1661 sunt
448 1597 618 1679 conquisiti
638 1593 771 1661 flosculi.
816 1595 900 1660 Nam
923 1595 1008 1679 quod
1034 1595 1076 1660 ab
1099 1593 1298 1660 claudicante
1319 1593 1396 1658 an·
1502 1631 1506 1671 ς

258 1716 338 1762 cano
354 1704 520 1780 superatus
542 1698 583 1763 sit
596 1697 681 1763 Mars
697 1696 828 1763 deorum
843 1697 1042 1778 fortissimus,
1066 1695 1310 1762 Dioscurideum
1325 1714 1398 1761 esse
1503 1735 1507 1777 Ξ

255 1817 297 1862 ex
318 1797 433 1863 Athen.
456 1819 488 1882 p.
505 1795 579 1863 511b
602 1799 649 1877 (fr.
667 1801 706 1862 28
722 1819 753 1882 p.
772 1801 842 1879 107,
861 1801 996 1875 18-25)
1018 1799 1138 1880 elucet,
1161 1796 1266 1879 quode
1289 1796 1398 1880 dispu·
1501 1837 1507 1870 -ι

254 1901 393 1966 tevimus
409 1921 439 1983 p.
458 1903 527 1984 18q
569 1898 662 1976 Quod
677 1906 784 1965 autem
798 1900 976 1965 Demodoci
991 1907 1084 1966 cantu
1100 1899 1190 1966 Ulixi
1212 1899 1304 1981 quasi
1325 1917 1398 1981 pro·
1506 1940 1507 1974 ;

256 2019 364 2066 corum
379 2021 464 2067 mors
479 1999 692 2085 praedicatur,
709 2002 856 2084 quamvis
870 2002 980 2085 inepta
994 2003 1066 2084 sint,
1089 2009 1194 2067 tamen
1213 2001 1399 2085 peripateti·

256 2122 313 2168 cae
329 2101 377 2166 illi
393 2103 508 2168 rationi
523 2104 729 2184 conveniunt,
752 2123 817 2186 qua
835 2109 921 2169 certo
944 2105 1078 2169 consilio
1100 2103 1243 2169 carmina
1260 2103 1400 2186 elegisse
1500 2146 1508 2188 ἶ,

255 2209 400 2269 cantores
423 2223 519 2286 snpra
540 2225 571 2288 p.
591 2208 650 2267 155
673 2204 820 2271 vidimus.
864 2205 954 2271 Haec
976 2224 1103 2287 qnoque
1128 2211 1280 2287 tanquam
1303 2223 1399 2269 excu-

254 2305 354 2370 santis
377 2306 543 2372 solutionis
565 2306 665 2372 instar
687 2304 762 2372 hnic
783 2308 935 2373 materiae
958 2313 1150 2372 succurrunt.
1505 2389 1507 2394 .

340 2408 465 2491 Restat,
494 2414 529 2474 ut
554 2409 619 2474 suis
648 2409 791 2474 terminis
820 2409 1018 2474 Dioscuridis
1046 2408 1126 2474 fines
1153 2410 1186 2472 in
1212 2410 1232 2472 l.
1248 2407 1313 2472 XII
1335 2412 1399 2472 c.7
1497 2455 1505 2496 ζ,

256 2510 559 2575 circumscribamus.
604 2509 699 2575 (lento
729 2509 804 2575 hnic
833 2511 981 2575 tribueris
1011 2511 1126 2592 capitis
1153 2509 1249 2576 finem
1276 2510 1353 2575 inde
1378 2530 1400 2576 a

256 2609 378 2674 verbis:
402 2605 466 2672 εἰσὶ
492 2601 523 2672 d’
550 2607 586 2672 οἵ
606 2629 692 2693 φασι
713 2610 781 2674 κτλ.
805 2610 852 2686 (ir.
871 2611 921 2687 19)
940 2645 981 2654 -
1002 2611 1150 2676 nimirum
1174 2611 1399 2678 D'ioscuridem
1503 2667 1506 2698 ,

255 2711 375 2776 indicat
389 2708 542 2777 subdolus
556 2711 744 2776 Naucratita
759 2746 810 2795 -,
833 2711 951 2796 qnippe
968 2731 1050 2794 quae
1064 2732 1194 2795 prorsus
1209 2712 1303 2780 huius
1324 2715 1400 2780 libri
1507 2713 1508 2722 ’

256 2813 389 2878 consilio
419 2811 660 2878 accommodata
689 2815 762 2880 sint.
805 2814 866 2880 His
895 2833 1021 2897 qnoque
1049 2815 1168 2881 ultimis
1195 2816 1301 2882 verbis
1328 2816 1400 2899 ipse
1499 2811 1507 2881 Γ,

255 2932 395 2980 conexus
418 2915 655 2998 comprobatur:
684 2907 803 3000 διόπερ
825 2915 881 2980 καὶ
897 2907 1073 2990 Ὀδυσσεὺς
1093 2913 1220 3002 τρυφὴν
1241 2917 1296 2981 καὶ
1319 2916 1400 2999 Acy—
1499 2903 1508 3006 J

256 3019 347 3080 νείαν
369 3015 463 3089 τέλος
483 3017 543 3079 τοῦ
561 3019 638 3098 βίου
661 3012 755 3096 παρὰ
776 3018 825 3100 τῴ
846 3008 1006 3100 Ἀλκινόῳ
1027 3020 1173 3082 τίθεται.
1223 3018 1289 3084 Sed
1314 3038 1398 3099 quae

256 3118 289 3182 in
310 3116 418 3182 medio
441 3118 546 3202 capite
567 3117 699 3183 Pindari
711 3122 742 3202 ¹),
772 3117 959 3204 Sophoclis,
988 3118 1185 3202 Theognidis
1213 3119 1255 3185 de
1276 3121 1399 3203 polypo

257 3218 439 3284 testimonia
467 3219 586 3302 insunt,
615 3219 721 3302 ipsum
743 3218 944 3285 Athenaeum
974 3239 1015 3286 ex
1036 3240 1124 3286 more
1153 3239 1210 3286 suo
1232 3220 1421 3289 addidisse

255 3321 350 3387 facile
373 3318 494 3386 credes.

342 3422 414 3488 Duo
443 3427 613 3505 supersunt
640 3440 723 3504 quae
746 3421 957 3523 Dioscuridea
985 3424 1165 3505 fragmenta
1195 3446 1265 3494 esse
1288 3430 1399 3496 existi·
1498 3437 1508 3520 J

257 3543 380 3589 mamus
403 3523 490 3608 apud
510 3523 720 3589 Athenaeum.
766 3522 832 3589 Sed
860 3543 918 3608 pro
941 3529 1027 3590 certo
1049 3531 1084 3589 ut
1113 3524 1174 3592 hoc
1195 3528 1399 3616 adfirmemus,
1499 3595 1506 3616 „

257 3644 322 3689 non
344 3623 426 3689 adeo
449 3630 622 3710 suppetunt
643 3631 831 3707 argumenta
852 3645 894 3691 ex
915 3625 989 3691 aliis
1017 3629 1198 3695 auctoribus
1221 3631 1398 3717 desumpta.
1500 3673 1502 3696 2

257 3725 402 3792 Alterum
418 3734 466 3790 est
480 3724 640 3792 Athenaei
654 3733 751 3811 caput
766 3730 806 3792 42
821 3727 895 3794 libri
909 3727 941 3792 X
957 3727 997 3794 de
1012 3727 1147 3797 Nestore
1166 3733 1233 3797 vini
1255 3733 1399 3802 studioso

256 3825 333 3892 inde
355 3845 376 3890 a
397 3827 518 3892 verbis:
544 3828 706 3898 πλεῖστον
735 3826 771 3892 δὲ
800 3825 875 3893 ἐ’νιιε
903 3831 969 3894 τῶν
997 3829 1057 3912 μὲν
1078 3825 1194 3917 ἡρώων
1216 3835 1356 3919 Νέστωρ
1379 3829 1398 3900 ὃ
1499 3852 1508 3887 »÷

257 3929 414 4011 τριγέρων
435 3925 502 3990 κτλ.
527 3929 575 4004 (fr.
592 3933 657 4015 24),
689 3930 774 4014 quod
802 3932 1028 4015 probabilitate
1055 3935 1194 4016 quadam
1216 3936 1400 4003 Dioscuridi
1499 3937 1503 3969 ³

346 4062 370 4125 1)
388 4057 492 4115 Collato
509 4059 655 4117 Plutarcho
675 4062 784 4142 decoll.
802 4063 908 4119 animal.
927 4081 953 4133 p.
967 4069 1044 4122 9780.
