3018 4736
273 331 333 389 180
717 322 854 378 Robertus
873 321 973 378 Weber

272 498 437 568 ferendum
458 498 601 564 videtur:
625 492 820 573 ἐκαθέζοντο
844 492 950 558 δὲκαὶ
973 491 1183 570 δειπνοῦντες
1199 491 1232 559 οἱ
1253 492 1329 560 τότε
1352 493 1428 561 κτλ.
1495 481 1496 564 f

271 604 323 683 (fr.
340 605 379 667 so
394 623 426 688 p.
444 604 515 684 110,
531 601 686 676 2-13).¹)

358 704 443 770 Dein
457 698 668 768 Dioscurideo
690 697 778 784 apud
798 696 1000 765 Athenaeum
1021 698 1096 765 libri
1110 700 1127 765 Ι
1142 699 1241 784 capiti
1258 700 1306 784 18,
1330 699 1426 782 qnod
1495 735 1496 780 3

273 805 478 872 temulentiae
506 821 680 887 poenarum
701 801 873 868 Homerica
902 801 1051 882 exempla
1072 802 1274 885 persequitur
1300 800 1380 868 inde
1403 821 1428 867 a

273 906 395 974 verbis:
417 905 476 989 τῆς
498 906 606 989 μέθης
628 901 664 968 δὲ
684 893 924 986 κατατρέχωνὸ
945 898 1087 986 ποιητής
1107 902 1175 965 κτλ.
1191 903 1239 981 (fr.
1256 904 1318 986 25),
1342 922 1426 986 quo·
1495 919 1496 956 l

275 1006 446 1075 dammodo
457 1005 630 1091 respondet
640 1006 662 1071 1.
673 1003 738 1070 XII
749 1009 845 1087 caput
858 1003 987 1070 tertium
997 1001 1158 1087 p.511²l⁰,
1174 1004 1288 1087 quibus
1300 1024 1426 1071 noxam
1495 1075 1496 1078 ,

274 1111 358 1177 ferre
386 1103 505 1194 ἡδονήν
533 1106 712 1173 Homericis
743 1105 900 1188 exemplis
930 1103 1163 1171 demonstratur
1190 1105 1239 1182 (ir.
1262 1107 1324 1182 28).
1378 1106 1412 1174 U
1495 1151 1496 1194 γ

276 1212 362 1277 enim
385 1210 514 1276 omnino
540 1209 575 1274 in
602 1207 696 1274 huius
722 1207 797 1273 libri
823 1206 936 1291 primis
965 1207 1123 1290 capitibus
1145 1205 1290 1290 sophista
1310 1207 1424 1274 varios
1495 1209 1496 1286 ξ

154 1317 158 1324 ’
275 1331 408 1397 pannos,
431 1309 603 1376 dummodo
619 1309 661 1375 de
675 1309 840 1392 voluptate
863 1313 896 1373 et
916 1307 1044 1373 luxuria
1058 1314 1173 1391 essent,
1196 1309 1337 1391 undique
1357 1309 1424 1374 ool·
1495 1299 1496 1380 ζ

275 1415 377 1479 lectos
400 1411 537 1494 consuit,
567 1409 629 1477 hoc
657 1410 789 1476 frustum
813 1429 854 1474 ex
876 1407 1066 1476 Dioscuride
1088 1407 1151 1476 hnc
1174 1429 1245 1475 enm
1273 1411 1425 1494 posuisse
1495 1453 1496 1484 ι

263 1497 434 1598 ’μαίσωνα
479 1513 516 1578 In
544 1513 659 1596 capitis
685 1511 797 1595 primis
818 1511 927 1576 verbis
955 1511 1090 1577 stoicum
1119 1510 1280 1594 quendam
1307 1511 1422 1577 andire

276 1615 337 1682 tibi
358 1613 498 1680 videaris
520 1619 630 1680 contra
651 1613 878 1697 Epicureorum
899 1613 1055 1678 rationem
1083 1617 1286 1696 pugnantem.
1329 1611 1423 1689 Quae
1495 1603 1496 1690 i

277 1723 384 1784 antem
412 1715 454 1782 de
479 1715 557 1782 Iove
584 1713 731 1798 protulit:
764 1708 828 1778 ὅσα
855 1711 915 1796 μὲν
947 1709 1009 1798 γὰρ
1039 1705 1260 1797 ἀγρυπνῶν
1289 1707 1306 1778 ὁ
1336 1710 1424 1789 Ζεὺς
1495 1743 1496 1798 3

278 1815 466 1906 despectrice
494 1809 580 1900 ὑπὲρ
608 1816 673 1880 τῶν
705 1811 844 1900 Τρώων,
873 1806 967 1878 ταῦτ’
1002 1806 1156 1879 ἀπώλεσε
1182 1805 1265 1897 μεθ’
1296 1809 1425 1900 ἡμέραν

278 1911 344 2007 ὑφ’
377 1912 525 2004 ἡδονῆς
550 1917 793 2002 κρατηθείς,
821 1914 1025 1983 adverbum
1054 1916 1287 2001 propemodum
1316 1919 1424 1985 locum
1495 1999 1496 2006 ρ

278 2020 398 2089 habent
419 2021 453 2086 in
474 2017 645 2102 Porphyrii
667 2019 873 2102 problematis
896 2017 1182 2102 (adh‘314sqq.):
1204 2022 1294 2093 τίνος
1318 2015 1424 2083 ἕνεκεν
1495 2053 1496 2086 ι

278 2124 436 2188 τοσοῦτον
460 2111 584 2205 ἀκρατῆ
605 2123 790 2205 παρίστησι
810 2115 869 2184 τὸν
883 2122 947 2186 Δία
966 2113 1012 2194 ὡς
1033 2115 1078 2205 μὴ
1102 2116 1270 2184 δύνασθαι
1291 2131 1424 2206 κρατεῖν
1495 2121 1496 2164 3

279 2221 415 2306 ἑαυταῖς
437 2221 498 2289 hac
519 2221 689 2289 solutione:
713 2213 821 2297 ἄλλως
842 2243 879 2284 τε
898 2217 1032 2296 διδάξαι
1053 2212 1210 2304 βούλεται
1230 2217 1308 2296 τούς
1330 2223 1423 2297 νέους
1495 2219 1496 2258 ³

278 2319 297 2390 δ
315 2321 465 2411 ποιητής,
488 2313 568 2388 ὅσον
583 2317 655 2388 ἐστὶ
673 2318 821 2404 χαλεπὸν
836 2319 881 2408 μή
903 2334 1070 2406 κρατεῖν
1091 2322 1157 2386 τοῖν
1178 2323 1312 2401 παθῶν,
1335 2317 1422 2388 ὅπου
1495 2319 1496 2388 ι

279 2427 335 2491 καὶ
357 2421 441 2501 Ζεδς
462 2417 481 2489 δ
504 2421 694 2510 παγκρατὴς
715 2420 851 2488 πάθει
873 2423 1063 2510 νικηθεὶς
1086 2420 1256 2510 ἐζημιώθη
1270 2418 1330 2509 τὴν
1345 2417 1422 2512 δνη-

281 2549 344 2606 σιν,
366 2523 406 2611 ἣν
421 2522 457 2601 ἐξ
478 2515 711 2609 ἀγρυπνίας
726 2521 1001 2610 περιεποιήσατο.
1037 2525 1152 2608 Neque
1166 2545 1249 2608 quae
1264 2525 1306 2592 de
1320 2526 1421 2594 Marte

278 2646 403 2712 poenae
419 2627 490 2692 vice
511 2627 553 2691 ab
568 2625 711 2691 Vulcano
726 2626 833 2691 vincto
849 2632 1007 2708 secuntur,
1029 2625 1116 2710 apud
1131 2625 1346 2710 Porphyrium
1367 2629 1421 2694 de·
1495 2625 1496 2682 Ῡ

276 2732 352 2795 sunt
373 2726 416 2792 ad
436 2728 465 2788 θ
480 2730 552 2810 267,
583 2727 634 2793 oni
661 2725 743 2793 haec
764 2725 888 2793 scholia
916 2726 1085 2794 tribuenda
1107 2747 1177 2794 esse
1199 2728 1343 2794 arbitrati
1365 2731 1420 2796 vix
1495 2707 1496 2794 f

191 2829 192 2833 ’
275 2828 469 2896 errabimus:
493 2818 551 2892 σιἰκ
573 2817 710 2903 ἀτόπως
732 2824 790 2893 ἐπὶ
811 2823 1000 2914 ἡδυπαθεῖν
1023 2820 1097 2915 ᾅδει
1115 2829 1221 2893 ταῦτα
1237 2823 1255 2893 δ
1271 2833 1420 2916 κιθαρῳ-
1495 2889 1496 2898 ,

274 2926 353 3010 δόςγ
368 2919 414 2995 δι’
440 2919 486 2993 ὦν
507 2919 653 3014 ἥδονται,
683 2919 838 3013 (sitifi)
862 2929 1076 3017 σωφρονίζων
1106 2921 1234 3006 αὐτούς.
1287 2930 1420 3014 δέσμιον
1495 2949 1496 3020 j

275 3028 341 3118 γὰρ
364 3023 489 3115 εἰσάγει
510 3027 568 3096 τὸν
596 3027 712 3113 μοιχὸν
739 3031 796 3096 καὶ
822 3028 900 3108 τσδς
921 3029 1025 3108 θεοὺς
1054 3033 1208 3116 λέγοντας
1226 3023 1297 3098 ὀὐκ
1319 3025 1420 3120 ἀρετᾷ
1495 3089 1496 3124 η

366 3215 390 3281 1)
407 3213 462 3268 Sed
477 3213 548 3268 idem
564 3213 622 3269 fere
639 3215 735 3283 legitur
746 3214 775 3268 in
786 3215 805 3270 1.
817 3213 883 3270 VIII
894 3231 921 3285 p.
935 3215 1013 3271 363¹:
1034 3205 1105 3271 ὅθεν
1118 3211 1184 3273 οὔτε
1200 3218 1418 3274 κατακλίνεσθαι
1495 3205 1496 3276 ί

276 3292 357 3372 παρὰ
376 3305 438 3362 τοῖς
455 3293 619 3372 ἀρχαίοις
636 3293 718 3366 ἔθος,
740 3293 812 3356 ἀλλὰ
827 3291 968 3356 ‘deciscat’
987 3293 1140 3368 ἑζόμενοι’,
1164 3303 1194 3354 σί
1212 3315 1267 3354 non
1283 3301 1370 3369 possit
1387 3317 1420 3356 ex
1495 3291 1496 3354 ζ

278 3381 440 3437 Dioscuride
457 3381 512 3436 huc
528 3382 660 3437 insertum
678 3399 745 3438 esse.
780 3383 851 3436 Nam
867 3383 896 3436 in
914 3383 1048 3438 continuis
1066 3383 1202 3453 capitibus
1220 3385 1259 3438 ibi
1276 3385 1310 3438 de
1327 3387 1418 3456 veteri
1445 3377 1456 3420 ⁸

277 3467 330 3523 bus
348 3465 476 3522 conviviis
493 3481 580 3522 sermo
598 3471 653 3532 est,
678 3482 747 3536 qnae
770 3467 794 3522 si
811 3483 844 3520 ex
867 3482 955 3522 rerum
972 3467 1061 3522 indole
1078 3473 1106 3522 et
1130 3469 1287 3524 auctoribus
1305 3471 1418 3528 laudatis
1495 3475 1496 3544 ξ

279 3551 461 3606 coniecturam
478 3549 569 3618 iecere
586 3550 664 3618 licet,
681 3567 715 3606 ex
732 3552 837 3606 Seleuci
853 3551 900 3606 illo
919 3565 1003 3620 opere
1020 3555 1086 3626 περὶ
1107 3545 1237 3628 ἀρχαίων
1254 3558 1419 3624 συμποσίων
1495 3563 1496 3624 l

279 3635 422 3690 statuimus
441 3635 560 3690 derivata
577 3650 645 3692 esse.
680 3636 783 3692 Eodem
800 3636 934 3706 pertinere
951 3635 1080 3701 videntur,
1100 3653 1168 3706 quae
1189 3639 1268 3692 huius
1285 3638 1418 3696 Homerici
1495 3643 1496 3696 ζ

278 3718 360 3774 moris
377 3719 501 3788 exempla
517 3720 631 3789 protulit
642 3719 796 3776 Athenaeus
813 3722 842 3775 in
858 3721 929 3776 LXI
945 3720 1030 3786 initio,
1049 3722 1126 3776 cuius
1144 3723 1177 3777 de
1195 3722 1329 3778 Seleuceis
1341 3727 1417 3781 vesti·
1495 3711 1496 3776 i

278 3802 329 3872 giis
346 3801 403 3856 iere
421 3809 541 3868 constat,
559 3803 671 3858 Adrasti
688 3808 715 3858 et
730 3804 848 3875 Polyidi,
867 3820 936 3873 quae
953 3805 1098 3860 Homerum
1116 3807 1223 3861 omuino
1242 3823 1296 3862 non
1314 3815 1416 3879 curant,

279 3887 342 3942 dein
358 3885 502 3956 Enrycliae
519 3891 547 3940 et
563 3888 701 3958 Autolyci,
723 3903 758 3943 ex
774 3889 895 3945 verubus
918 3910 935 3946 υ
952 3893 1006 3945 399·
1014 3905 1072 3960 sqq.
1090 3896 1187 3960 arguta
1210 3891 1315 3948 ratione
1340 3897 1417 3951 extri·

281 3974 380 4028 catum.

366 4059 391 4124 2)
404 4047 503 4114 ‘citici’
521 4071 571 4110 nos
589 4055 695 4125 quidem
713 4057 881 4114 inseruimus.
