3018 4736
190 329 233 382 Do
249 327 418 386 Dioscuridis
436 331 578 402 περὶτῶν
596 322 663 400 παρ’
677 323 787 406 Ὁμήρῳ
804 326 902 400 νόμων
919 329 1019 386 libello.
1117 329 1179 386 165

56 501 218 567 formavisse
233 499 369 585 videtur,
393 521 489 585 quam
505 502 656 585 Hagenus
670 504 691 568 l.
707 505 728 569 l.
752 503 900 571 contulit:
924 499 1069 588 σώφρων
1084 491 1181 577 ὅστις

57 594 190 666 οὐδέποτε
212 597 290 677 τοῦς
311 602 494 684 πολεμίους
517 599 630 678 δείσας
653 608 810 689 φοβεῖται
831 601 891 690 τὴν
917 599 1096 689 ἐπίπληξιν
1117 603 1180 667 τοῦ

57 703 221 788 στρατηγοῦ.
266 703 321 768 καί
344 704 401 768 νῦν
422 703 483 786 μὲν
504 701 560 769 ἵνα
581 701 626 790 μὴ
651 704 741 770 δοκεῖ
763 699 850 771 εἶναι
872 702 988 785 λάλος,
1011 699 1176 789 ἡσυχάζει.

57 803 243 889 Porphyrium
258 805 342 871 enirn
356 805 633 873 Aristarcbeorum
648 808 798 891 operibus
815 809 884 874 sive
900 807 979 890 ipsis
995 807 1065 874 sive
1080 825 1177 889 opere

57 907 93 970 illo
110 905 281 973 Homerico
302 927 344 972 ex
367 906 479 973 horum
501 908 592 975 libris
614 911 791 993 composito
814 929 906 976 usum
930 929 1001 976 esse
1019 907 1177 975 Schrade-

58 1026 91 1072 ττι
108 1009 326 1091 comprobarit
346 1009 367 1074 l.
383 1010 404 1074 l.
419 1031 451 1093 p.
468 1013 540 1075 447.
556 1013 628 1076 hoo.
645 1012 747 1088 sibl)
782 1003 874 1077 Ideni
895 1011 916 1076 l.
932 1012 953 1075 l.
978 1031 1009 1094 p.
1027 1013 1097 1074 426.
1114 1011 1177 1074 448

57 1127 83 1171 or
99 1107 263 1175 Plutarchi
281 1115 314 1176 et
334 1110 508 1196 Porphyrii
530 1131 686 1178 consensu
700 1113 827 1194 utrique
849 1133 870 1178 a
890 1113 1101 1197 peripatetico
1120 1111 1178 1176 ilio

59 1227 161 1291 corpore
188 1208 272 1277 haec
299 1212 539 1279 subministrate
572 1233 643 1280 esse
671 1214 807 1297 putarit.
860 1212 927 1280 Sed
955 1210 1179 1279 Aristarcheas

58 1310 138 1391 copias
152 1309 203 1378 his
219 1314 362 1394 subesse,
379 1333 458 1397 quas
474 1319 507 1379 et
520 1314 693 1381 Plutarcho
710 1322 742 1381 et
756 1315 854 1382 Dioni
865 1315 1074 1382 Dioscurides
1085 1333 1177 1400 prae·

59 1409 142 1494 buerit,
164 1433 250 1480 nunc
271 1420 380 1481 nostro
402 1416 471 1481 iure
494 1415 725 1483 contendimus.

115 1511 201 1590 Quae
217 1515 349 1599 quidem
364 1517 479 1584 Dionis
493 1537 525 1601 p.
539 1519 578 1582 89
591 1518 619 1582 R
633 1518 683 1594 (ir.
696 1521 736 1580 44
748 1539 779 1602 p.
794 1519 864 1599 119,
881 1517 1016 1595 14-20)
1032 1517 1073 1583 de
1085 1515 1175 1602 (iare,

60 1612 104 1678 sire
112 1613 207 1682 Nesto
218 1618 290 1683 sive
301 1617 502 1702 Antimacho,
515 1620 643 1703 puellae
655 1639 743 1686 more
755 1637 833 1684 auro
845 1623 955 1684 ornato
968 1623 1009 1694 (B
1021 1620 1082 1683 867
1092 1618 1174 1702 sqq.)

61 1719 228 1798 compararit
259 1717 412 1802 Rogemus
435 1721 478 1803 (p.
502 1721 554 1796 56)
586 1740 657 1787 eum
686 1719 809 1787 scholio
831 1720 910 1786 Ven.
933 1720 960 1785 B
982 1719 1025 1787 ad
1047 1723 1077 1782 B
1099 1721 1175 1784 872:

61 1807 202 1901 Εὔφορβος
231 1821 348 1901 μέντοι
374 1820 429 1884 καλ
454 1820 601 1898 Γλαῦκος
627 1823 733 1906 χρυσᾶ
755 1817 846 1886 ὅπλα
869 1819 1008 1902 ἔχουσιν,
1036 1811 1111 1884 ἄλλ’
1138 1811 1176 1885 οῦ

37 1987 38 2000 χ
60 1916 274 2002 κωμῳδοῦνται,
298 1917 372 1985 ἐπεὶ
387 1919 432 2006 μὴ
449 1935 618 2008 γυναικεῖα
632 1921 674 1988 τὰ
691 1915 799 1989 circio
815 1917 861 2000 ιῦς
883 1919 925 1988 τὰ
944 1919 1072 2000 τοῦτον,
1095 1921 1177 1990 hooc

37 2027 38 2072 1
61 2035 155 2102 quoque
183 2041 226 2088 ex
247 2023 434 2091 Aristarcho
461 2025 609 2092 derivata
630 2045 701 2094 esse
722 2047 788 2092 non
810 2026 959 2109 negabis,
988 2027 1016 2092 si
1038 2026 1177 2108 quaein

37 2116 153 2188 'iens
172 2125 215 2190 ad
242 2129 273 2188 B
295 2127 353 2190 871
378 2125 551 2194 Aristonici
578 2134 666 2210 suut,
695 2129 828 2211 legeris:
858 2127 964 2191 ..καὶ
986 2116 1039 2191 ὅτι
1062 2117 1099 2190 οὗ
1123 2125 1177 2189 λί-

61 2239 91 2296 pm
108 2216 189 2288 ὅπλα
211 2217 314 2291 αὐτὸν
336 2224 420 2308 ἐ’χειν
438 2229 564 2312 χρυσᾶ.
578 2277 586 2294 .
599 2277 623 2311 .,
647 2219 732 2292 ἀλλὰ
755 2225 879 2310 κόσμον
899 2228 1049 2310 χρυσοῦν.
1090 2226 1177 2311 λέχει

62 2315 191 2410 rip‘ipoas
204 2319 328 2415 κούρη’.
366 2326 578 2394 ἐνεπλέκοντο
593 2325 655 2413 γὰρ
669 2326 790 2412 χρυσὸν
807 2328 840 2394 οἱ
853 2326 1027 2416 βάρβαροι.
1057 2322 1178 2409 ‘asop-

62 2441 98 2496 μοι
109 2417 147 2486 θ’
166 2429 197 2494 οἳ
208 2431 324 2516 χρυσῷ
338 2431 444 2496 τεκαὶ
460 2427 589 2516 ἀργύρῳ
605 2421 796 2517 ἐσφήκοντῦ
816 2433 905 2508 (1³52
921 2431 962 2497 de
978 2429 1175 2515 Euphorbo).

63 2517 222 2598 Quibuscum
253 2531 334 2599 baec
363 2553 491 2617 quoque
518 2534 632 2602 Dionis
662 2534 832 2601 concinunt
857 2537 902 2618 (p.
920 2535 960 2598 90
976 2533 1030 2611 R):
1061 2524 1177 2596 οῦκουν

62 2627 184 2704 φαίνεται
202 2637 431 2718 χρυσοφορίας
446 2632 593 2700 ἐπαινῶν
616 2625 794 2721 ὁὍμηρος
808 2636 865 2700 καὶ
883 2636 988 2699 ταῦτα
1004 2630 1051 2708 εἷς
1073 2631 1176 2698 πόλε-

62 2744 110 2804 μον,
128 2732 252 2812 ψελίων
266 2736 372 2798 τεκαὶ
388 2738 559 2820 στρεπτῶν
574 2736 642 2801 κτλ.
662 2738 711 2814 (ir.
729 2741 770 2801 44
785 2759 816 2822 p.
835 2739 905 2820 120,
918 2738 1023 2815 2—5).
1062 2735 1098 2802 Si
1112 2757 1176 2802 non

62 2822 110 2905 iiii
127 2851 212 2902 orma
232 2844 461 2903 commemorat
482 2838 555 2920 Dio,
579 2844 686 2904 tamen
708 2844 860 2920 tanquam
883 2839 1009 2920 singula
1035 2839 1177 2905 serravit

60 2933 157 3008 λρυσῦν
178 2931 339 3024 φαλάρων
359 2939 415 3002 καί
435 2939 579 3018 χαλινῶν
593 2940 797 3022 mentionem,
820 2958 903 3021 quae
921 2958 984 3004 non
999 2939 1175 3021 vituperas·

62 3033 93 3091 set
108 3031 266 3108 Homerus.
304 3040 428 3108 Eodem
449 3042 609 3125 pertinent
631 3060 713 3124 quae
735 3041 769 3104 in
783 3039 908 3106 VenA
930 3043 1054 3105 curtata
1075 3043 1108 3104 et
1129 3039 1175 3106 sic

62 3128 99 3194 iii
115 3145 192 3206 recte
213 3162 369 3227 expressa
396 3141 533 3210 suntad
555 3145 649 3208 Pes:
680 3133 764 3206 ἀλλὰ
787 3137 1012 3205 λανθάνουσιν
1035 3137 1067 3204 οἱ
1092 3137 1175 3226 βάρ-

62 3245 232 3272 &-

124 3305 144 3367 1)
160 3305 200 3361 Ab
218 3309 399 3364 Aristarcheis
423 3309 492 3364 baec
515 3324 621 3379 quoque
644 3311 783 3363 mutuatus
808 3311 849 3362 est
866 3306 1046 3376 Porphyrius,
1063 3306 1176 3375 qnceei

63 3388 104 3433 iim
117 3383 269 3447 Dioscuride
288 3393 439 3448 communia
461 3397 525 3449 sunt
546 3394 579 3448 de
600 3394 699 3448 mensis
722 3392 892 3447 adstantibus
910 3397 937 3445 et
956 3389 1123 3446 removendis
1140 3389 1176 3444 ad

64 3464 125 3556 diii
141 3475 166 3526 et
181 3479 249 3542 obi,
267 3480 354 3546 quode
370 3477 491 3534 vidimus.
526 3478 624 3534 Utrum
642 3485 732 3533 antem
749 3479 820 3532 iuter
837 3477 908 3530 banc
929 3475 1112 3543 quaestionem
1129 3473 1174 3540 (ei.

64 3551 119 3638 ἥλω
133 3558 165 3610 sd
181 3581 199 3615 α
213 3565 284 3628 138):
309 3557 353 3618 διὰ
377 3565 405 3618 τί
428 3563 458 3620 δὲ
480 3557 552 3632 μετὰ
576 3558 609 3620 τὸ
629 3567 746 3620 δεῖπνον
768 3555 802 3618 οῦ
820 3569 898 3618 ποιεῖ
914 3556 981 3623 τοῦς
1002 3553 1177 3631 ἀνθρώπους

46 3638 245 3712 ,ιτανίπτοντας
262 3641 314 3712 τὰς
329 3655 429 3720 χεῖρας
446 3651 474 3702 et
491 3647 659 3703 Dioscuridis
677 3648 746 3701 haee
763 3646 835 3715 apud
853 3645 951 3699 Athen.
970 3659 997 3712 p.
1012 3641 1064 3696 18¹:
1083 3661 1176 3718 παρα-

64 3722 170 3788 ἴλθλϊὲον
186 3729 215 3787 δὲ
237 3721 282 3787 ῦτι
306 3728 339 3788 ἐν
359 3732 412 3801 μὲν
428 3725 569 3810 Ὀδυσσείᾳ
586 3726 811 3799 ἀπονιζομένους
834 3725 885 3795 τὰς
900 3737 999 3800 χεῖρας
1016 3736 1094 3785 ποιεῖ
1109 3733 1178 3802 πρὶν

64 3809 204 3881 μεταλαβεῖν
220 3819 343 3888 τροφῆς,
366 3815 398 3873 ἐν
414 3810 503 3874 Ἰλιάδι
525 3817 554 3874 δὲ
571 3821 658 3873 τοῦτο
676 3819 830 3880 ποιοῦντας
855 3808 907 3870 οῦκ
928 3807 1005 3870 ἔστιν
1022 3807 1115 3886 seipsis
1131 3815 1174 3880 (ir.

66 3879 117 3952 ²⁰1³·
133 3895 269 3968 lohe-i)
287 3901 408 3968 neglecto
426 3901 563 3970 ceteroqui
580 3916 660 3956 versu
678 3904 766 3955 Asso
783 3899 918 3954 mnemon
942 3897 1075 3967 quoddam
1091 3898 1174 3953 inter·

66 3966 226 4119 iiiioaedipem
248 3985 354 4040 ratione
377 4000 476 4049 necne,
500 3999 573 4040 nunc
596 3999 692 4054 perum
716 3984 878 4054 perspicitur
895 3982 941 4047 (ci.
959 3981 1100 4038 Schrader.
1119 3981 1136 4035 b
1154 3981 1174 4036 l.

82 4089 87 4100 ·
146 4075 160 4115 a
196 4072 247 4136 ‚ap
