3018 4736
299 304 359 364 150
746 301 882 358 Robertus
900 301 1001 356 Weber

301 477 384 545 verit
405 475 562 542 Homerus
578 473 733 542 miscendi
748 474 816 540 vini
838 493 956 557 genera
971 479 1003 540 et
1025 491 1116 538 snam
1130 470 1274 539 Achilles
1296 469 1453 539 hahuerit
1486 439 1487 514 i

297 579 501 658 mixtionem,
531 578 563 641 in
585 574 749 643 Plutarchi
771 575 979 660 problematis
1002 593 1042 639 ea
1062 579 1154 656 parte
1175 573 1298 658 insunt,
1324 574 1357 640 in
1380 593 1453 656 qua

298 682 367 766 ipso
389 675 578 745 Plutarchus
601 697 691 743 snam
714 683 840 742 enarrat
861 676 1061 742 solutionem.
1110 673 1153 742 Ut
1175 675 1260 740 enim
1283 673 1452 741 Achillem

297 789 408 850 contra
436 779 518 845 Zoili
546 779 665 844 crimen
693 776 751 844 def
736 777 860 862 f‚endat
889 777 1099 859 Phoenicem,
1127 775 1257 842 Ulixem
1280 782 1453 858 tamquam

297 884 439 951 seniores
461 881 635 947 meraciore
651 880 727 944 vino
749 879 889 962 gaudere
905 879 1049 944 Pelidem
1073 878 1154 944 hene
1175 877 1330 944 scientem
1343 877 1452 943 luisse
1487 904 1488 996 η

297 985 426 1069 profert.
471 982 554 1047 Dein
577 980 658 1046 haec
679 981 841 1064 leguntur:
872 976 990 1045 ἔπειτα
1011 982 1183 1062 Χείρωνος
1212 1003 1259 1043 ιιν
1287 971 1488 1064 μαθητὴς

297 1087 353 1152 καί
375 1086 433 1206 της
455 1083 533 1167 περὶ
556 1078 593 1146 τὸ
619 1082 668 1145 coi
667 1105 716 1163 μα
738 1080 868 1167 διαίτης
891 1071 948 1145 otia
970 1101 1110 1164 απειρος
1120 1076 1294 1200 ἐλογίζετο
1317 1077 1451 1165 δήπου·

288 1181 413 1263 θεν,ί
400 1183 453 1252 ότι
480 1195 551 1260 τοῖς
580 1174 717 1267 ἀργοῦσι
745 1184 801 1248 καί
824 1180 1017 1264 σχολάζουσι
1039 1177 1132 1264 παρὰ
1159 1205 1198 1246 ιο
1222 1178 1348 1257 εἰωθὸς
1376 1179 1452 1245 σαί·

297 1308 400 1370 μασιν
430 1279 582 1371 ἀνειμένη
610 1285 666 1350 καὶ
695 1284 913 1369 μαλακωτέρα
943 1285 1059 1370 κρᾶσις
1089 1277 1234 1365 ἁρμόζει.
1285 1285 1369 1350 Tum
1405 1285 1450 1350 ob

300 1389 479 1456 medicinae
494 1394 595 1454 artem
610 1386 814 1478 praedicatur
829 1385 972 1453 Achilles
988 1391 1020 1450 et
1041 1385 1172 1451 bibendi
1187 1387 1446 1470 temperantiam.
1488 1394 1489 1482 l

299 1490 392 1559 Unde
421 1489 501 1556 haee
530 1508 657 1573 quoque
680 1490 895 1574 explicantur:
925 1483 1197 1568 Λοιδορούμενος
1219 1485 1255 1550 δὲ
1278 1487 1326 1572 τῷ
1352 1478 1450 1570 Ἅγα-

297 1594 437 1674 μέμνονι
459 1591 592 1676 πρῶτον
615 1582 715 1654 αὐτὸν
737 1587 895 1675 οἰνοβαρῆ
916 1593 1133 1674 προσείρηκεν
1148 1589 1199 1666 (A
1214 1590 1289 1666 225)
1313 1583 1356 1666 αἱς
1376 1586 1446 1670 μά-

299 1693 397 1758 λιστα
417 1693 484 1756 τῶν
506 1690 700 1779 νοσημάτων
722 1687 782 1775 τὴν
804 1689 1019 1778 οἰνοφλυγίαν
1035 1687 1318 1776 προβαλλόμενος.
1350 1691 1447 1756 Dios-

299 1795 418 1862 curidis
446 1800 552 1859 autem
582 1794 623 1860 de
651 1794 837 1860 temulentia
865 1793 1056 1878 disputantis
1084 1791 1170 1909 apud
1199 1791 1317 1859 Athen.
1340 1791 1447 1877 p.11b

299 1896 381 1962 haec
402 1901 488 1961 suut:
510 1895 565 1959 καὶ
588 1890 605 1958 ὁ
630 1886 850 1974 Ἀχιίίεὺςὸ’
877 1885 1046 1971 ὀνειδίζων
1068 1917 1113 1978 τῳ
1144 1884 1358 1977 1γαμέμνονί
1381 1918 1490 1980 φη
1489 1901 1490 1944 ἰ

299 2017 353 2061 σιν
376 1996 428 2078 (A
449 1998 540 2074 225)
511 1990 766 2079 t‘ozvocaptg,
795 1992 892 2071 κυνὸς
921 2019 1032 2077 ομματ
1072 1986 1173 2075 έχων.
1232 1997 1424 2080 Denique'
1415 2018 1448 2062 ln

299 2096 511 2164 Plutarcheae
534 2098 729 2180 quaestionis
758 2099 847 2163 exitu
870 2096 1005 2165 Achillis
1024 2091 1186 2183 ‘coritas
1207 2089 1333 2182 κρᾶσιν
1360 2119 1447 2164 eom-

299 2219 400 2284 ponas
423 2219 495 2265 cum
509 2197 669 2264 Athenaei
688 2192 805 2284 ‘aadrp
792 2189 935 2284 μερινιῗ.
973 2199 1085 2281 Ergo
1076 2219 1109 2263 ru
1123 2218 1182 2264 sua
1196 2201 1298 2284 ipsius
1314 2200 1447 2283 quidem

299 2301 456 2368 solutione
485 2300 662 2367 enarranda
691 2299 879 2366 Plutarchus
908 2299 1130 2366 Dioscuridem
1158 2307 1284 2368 secutus
1318 2302 1447 2369 videtur

301 2422 381 2486 esse,
404 2403 493 2468 cuius
508 2422 588 2485 opus
604 2403 634 2466 ei
656 2403 848 2485 suppetiisse
871 2402 1055 2484 convivales
1078 2403 1280 2484 quaestiones
1306 2405 1446 2470 conseri·
1490 2372 1491 2486 i

299 2503 387 2569 beuti
410 2502 607 2569 Schraderus
630 2503 727 2568 emcrt
747 2504 806 2566 ll
821 2522 853 2586 p.
871 2505 1013 2584 373sqq.
1058 2501 1124 2568 Sed
1140 2503 1275 2569 eandem
1296 2505 1491 2588 quamvis

300 2609 455 2670 certatam
469 2602 668 2688 Porphyrius
683 2603 826 2668 servavit
848 2602 936 2679 (adl
952 2605 1044 2720 203);
1067 2627 1101 2667 οι
1091 2595 1199 2668 δὲ’
1182 2601 1250 2668 απὸ
1266 2629 1327 2669 του
1313 2603 1443 2680 idone

299 2706 354 2784 (se.
379 2701 533 2782 λύουσιν).
571 2727 652 2788 ...η
675 2701 758 2778 ’ίσως
772 2696 819 2779 ὦς
840 2698 996 2784 μουσικὸς
1017 2703 1072 2768 καί
1093 2701 1310 2791 ὑδαρέστερον
1326 2709 1442 2784 πίνων,

300 2796 363 2892 ‹ip’
382 2796 428 2869 ὦν
451 2795 604 2881 ὀνειδίζει
619 2805 673 2869 καὶ
697 2801 912 2891 οἰνοφλυγίαν
926 2796 1154 2888 Ἀγαμέμνονι.
1191 2805 1295 2885 Quam
1319 2809 1444 2874 obrem

300 2908 397 2974 etiam
420 2908 453 2972 in
475 2925 608 2990 corpore
623 2906 678 2973 illo
702 2906 911 2991 peripatetico
934 2907 1031 2973 fuisse
1047 2907 1182 2991 videtur,
1206 2909 1293 2992 qnod
1316 2916 1349 2976 et
1372 2911 1445 2976 Plu·

300 3009 410 3076 tarcho
433 3014 465 3076 et
486 3007 666 3093 Porphyrio
688 3009 829 3093 patebat.
876 3005 966 3085 Quae
989 3010 1170 3076 coniectura
1191 3009 1315 3077 dnahus
1339 3013 1443 3078 cau'sis

299 3111 392 3178 nobis
407 3108 586 3177 confirmari
602 3110 735 3176 videtur.
775 3109 916 3174 Primum
931 3109 1060 3192 quidem
1075 3111 1277 3194 peripatetici
1296 3112 1345 3177 illi
1360 3114 1444 3178 solu-

298 3218 383 3278 tores
413 3211 448 3276 id
475 3212 630 3294 agebant,
659 3217 694 3277 ut
720 3209 854 3276 heroum
882 3211 968 3276 dicta
996 3218 1028 3276 et
1055 3212 1141 3277 facta
1168 3216 1277 3277 contra
1299 3213 1445 3280 Platonis

298 3313 500 3397 potissimum
523 3316 555 3376 et
576 3311 659 3376 Zoili
688 3312 861 3396 opprobria
885 3310 1094 3377 defenderent
1116 3313 1165 3390 (cf.
1191 3311 1362 3380 Schrader.
1385 3317 1407 3380 l.
1424 3317 1444 3380 l.

298 3435 330 3498 p.
346 3417 430 3493 424).
476 3413 601 3478 Zoilum
629 3412 709 3477 illud
733 3409 912 3499 ζωρότερον
940 3414 1070 3498 κέραιρε
1091 3412 1211 3479 Achilli
1242 3415 1367 3480 crimini
1391 3417 1444 3482 oh·

299 3517 433 3583 vertisse
456 3511 644 3580 Plutarchus
667 3512 770 3597 docet,
793 3513 886 3580 Plato
908 3519 1014 3580 antem
1036 3515 1077 3580 dc
1094 3534 1129 3581 ro
1151 3515 1239 3600 publ.
1254 3515 1304 3580 III
1319 3537 1352 3600 p.
1370 3518 1446 3582 390²

300 3616 537 3699 vituperaverat
558 3614 694 3682 Achillis
716 3615 829 3682 verba:
854 3612 1033 3700 οἰνοβαρές,
1056 3612 1151 3692 κυνὸς
1173 3607 1297 3698 ὄμματ’
1322 3614 1418 3699 ἔχων.
1429 3624 1446 3697 1)

300 3715 384 3782 Dein
405 3717 594 3784 Plutarchus
617 3724 649 3784 et
671 3717 868 3802 Porphyrius
887 3721 1070 3802 conspirant
1091 3719 1123 3783 in
1146 3720 1216 3803 ipsa
1238 3738 1318 3785 voce
1339 3713 1446 3785 ‘olco-

386 3867 411 3925 l)
429 3863 511 3931 Quem
523 3882 628 3920 versum
640 3866 786 3922 multifaric
802 3867 884 3922 etiam
901 3866 1051 3922 defendisse
1065 3868 1196 3923 solutores
1214 3868 1272 3922 vide
1289 3869 1366 3937 apud
1378 3870 1446 3926 Por·

302 3947 426 4019 phyrium
442 3948 478 4003 ad
496 3952 592 4015 Atro,
616 3966 684 4018 quas
701 3966 746 4007 res
763 3968 797 4006 ex
815 3952 907 4008 eodem
925 3953 1159 4021 peripateticorum
1177 3967 1257 4022 opere
1276 3953 1445 4012 collectaneo

298 4033 429 4105 prodiisse
447 4033 612 4090 Schradems
629 4035 756 4106 opinatur
773 4038 791 4090 l.
804 4037 822 4093 l
834 4053 860 4107 p.
874 4039 934 4093 426.
1083 4035 1085 4042 ’
