3008 4734
304 283 344 340 96
744 284 878 342 Robertuu
896 286 995 342 Weber

302 453 478 540 τραπέζας,
500 449 561 542 ήδη
585 455 621 521 δί
642 458 697 522 καὶ
719 462 818 534 Χίας.
854 460 1096 542 μαρτυροῦνται
1117 455 1180 544 γὰρ
1200 459 1255 524 καί
1279 465 1363 523 Χῖοι
1390 451 1458 522 οῦκ

303 554 439 621 ἔλαττον
460 558 526 620 τῶν
548 562 795 644 προειρημένων
817 557 873 624 ἐπὶ
897 553 1112 645 ὀψαρτυτικῇ.
1152 561 1334 646 Τιμοκλῆς·

907 667 990 726 Χῖοι
1012 658 1098 726 πσλῦ

567 752 677 846 ἄριστ’
704 752 918 847 ἀνευρήκασιν
940 754 1174 848 ῦψαρτυτικήν.

764 1000 829 1064 XII
855 1001 906 1078 (εἰ.
928 1000 981 1076 II).

268 1145 283 1192 5
379 1133 636 1200 Athen.113⁸
664 1136 718 1200 καὶ
749 1133 864 1216 ἰχθύσι
893 1133 929 1199 δέ
949 1125 1098 1220 Ὅμηρος
1132 1147 1226 1200 ποιεῖ
1249 1138 1451 1221 χρωμένους

301 1232 379 1312 τοῦς
399 1233 476 1300 τότε
496 1235 550 1298 καί
573 1229 691 1321 όρνισι.
723 1234 807 1301 κατά
828 1238 915 1321 γοῦν,
926 1233 986 1321 τήν
1003 1239 1182 1321 Θρινακίαν
1205 1235 1238 1302 οἱ
1255 1229 1454 1312 Ὀδυσσέως

303 1334 429 1424 έταῑρσι
450 1333 667 1423 θηρεύουσιν·

430 1444 526 1526 ἰχθῦς
547 1439 689 1532 όρνιθάς
710 1469 747 1511 τε
769 1446 870 1532 φίλας
891 1437 931 1509 θ’
957 1435 976 1510 ό
998 1469 1032 1511 τι
1049 1458 1163 1528 χεῖρας
1183 1445 1289 1513 ἵκοιτο

428 1559 613 1632 γναμπτοῖς
636 1539 858 1632 ἀγκίστροισιν
880 1549 1015 1630 (μ331).

253 1671 281 1721 1⁰
303 1647 340 1723 ού
362 1653 424 1741 γάρ
448 1653 481 1722 ἰν
500 1659 540 1744 τῇ
556 1660 717 1744 Θρινακίᾳ
739 1655 945 1739 ἐκεχάλκευτο
967 1655 1009 1722 τὰ
1032 1651 1199 1742 ἀγκιστρα,
1223 1650 1299 1723 ἀλλ’
1318 1656 1451 1742 έπεφέ-

303 1782 398 1841 ροντο
428 1755 461 1823 ἰν
482 1760 530 1843 τῷ
552 1759 628 1844 πληῦ
654 1753 824 1847 δηλονότι·
854 1751 939 1825 ιῦστε
967 1743 1006 1844 ήν
1035 1751 1147 1836 αῦτοῖς
1176 1757 1287 1845 θήρας
1315 1758 1450 1842 ἰχθύων

303 1858 477 1942 ἐπιμέλεια
490 1861 544 1925 καὶ
561 1864 664 1949 τέχνη.
698 1859 818 1940 εἰκάζει
833 1860 938 1928 δὲκαὶ
952 1859 1028 1936 τοῦς
1049 1856 1116 1926 ῦπῦ
1133 1859 1276 1948 Σκύλλης
1294 1855 1450 1945 ἀρπαζο-
1486 1867 1487 1942 ,

302 1965 420 2044 μένους
446 1958 628 2040 Ὀδυσσέως
655 1961 805 2048 ἑταίρους
832 1959 946 2042 ἰχθύσι
974 1960 1137 2047 προμήκει
1164 1960 1277 2050 ῥάβδῳ
1307 1957 1449 2029 άλισκο-
1486 1991 1487 2066 η

305 2067 418 2148 μένοις
439 2063 493 2128 καὶ
515 2062 640 2148 θύραζε
662 2065 875 2152 ῥιπτομένοις
897 2068 932 2146 (μ
946 2069 1030 2142 251).

254 2177 282 2228 16
389 2165 527 2233 Athen.
549 2165 646 2232 125b
667 2157 720 2232 ότι
743 2165 853 2230 δὲκαὶ
877 2163 973 2247 ἰχθῦς
992 2159 1116 2252 ήσθιον
1133 2163 1318 2254 Σαρπηδὼν
1342 2165 1448 2252 δῆλον

305 2280 399 2334 ποιεῖ
427 2271 468 2348 (Ε
488 2269 578 2349 487),
607 2261 732 2350 ὁμοιοῦν
753 2263 811 2352 τήν
835 2257 959 2334 ἀλωσιν
981 2266 1151 2354 πανάγρου
1180 2265 1309 2334 δικτύου
1337 2265 1448 2356 θήρᾳ.

304 2375 415 2436 καίτοι
437 2362 602 2452 Εῦβουλος
623 2366 706 2433 κατά
727 2366 786 2453 τήν
807 2367 952 2455 κωμικήν
970 2369 1066 2456 χάριν
1089 2371 1172 2457 φησὶ
1193 2367 1338 2447 παίζων·

392 2595 492 2674 6sqq.
520 2590 619 2656 Plut.
643 2596 763 2673 quaest
779 2591 904 2656 conviv.
919 2589 1026 2656 VIlI8
1048 2610 1088 2656 m
1101 2594 1140 2654 14
1162 2586 1194 2652 αἰ
1210 2585 1245 2652 δὲ
1256 2577 1445 2668 Ὀδυσσέως
1485 2617 1486 2696 η

307 2690 450 2778 έταῖρσι,
472 2687 634 2777 τοσαύτην
656 2691 813 2767 πλέοντες
833 2689 1021 2769 θάλατταν,
1045 2682 1189 2771 οὐδαμοῦ
1210 2689 1362 2773 καθῆκαν
1384 2683 1444 2776 άγ-

256 2805 285 2856 κ)
307 2815 449 2878 κιστρον,
473 2785 548 2858 οῦδὲ
570 2789 704 2878 πόρκον,
727 2784 803 2858 οῦδὲ
826 2791 954 2858 δίκτυον
977 2784 1125 2878 ἀλφίτων
1147 2788 1332 2876 παρόντων.

413 2887 488 2960 ἀλλ’
510 2885 565 2960 ὅτε
588 2890 626 2979 δή
651 2891 727 2981 νηὸς
750 2891 909 2980 ἐξέφθιτο
931 2886 989 2979 ήια
1011 2890 1121 2957 πάντα
1144 2893 1268 2974 (μ329)

307 2995 423 3082 μικρὸν
438 2995 631 3083 ’έμπροσθεν
652 2984 673 3081 ἢ
694 3008 768 3072 ταῖς
790 2997 848 3060 τοῦ
867 2989 984 3060 Ἡλίου
1005 2995 1120 3078 βουσὶν
1136 2991 1322 3078 ἐπιχειρεῖν,
1346 2993 1442 3076 ἰχθῦς

308 3093 498 3185 ἀγρεύοντες
520 3089 576 3162 οῦκ
598 3091 686 3181 όψσν
709 3090 793 3162 ἀλλὰ
814 3093 940 3182 τροφήν
963 3089 1141 3180 ἀναγκαίαν
1164 3093 1337 3160 ἐποιοῦντο

411 3211 594 3284 γναμπτοῖς
613 3191 846 3283 ἀγκίστροισιν.
876 3195 979 3282 ἐ’τειρε
994 3196 1030 3261 δέ
1043 3199 1185 3281 γαστέρα
1201 3194 1440 3280 λιμόςίμι332).
1484 3215 1485 3290 ξ

256 3315 285 3364 υἱ
307 3297 373 3368 ῦπὸ
389 3303 448 3387 τής
464 3294 562 3386 αῦτῆς
577 3292 716 3386 ἀνάγκης
731 3297 845 3380 ἰχθύσι
859 3321 896 3362 τε
914 3301 1090 3383 χρωμένων
1104 3299 1159 3363 καὶ
1173 3293 1234 3374 τὰς
1254 3301 1313 3364 τοῦ
1325 3293 1441 3366 Ἡλίου

307 3405 385 3488 βοῦς
405 3399 661 3468 κατεσθιόντων.

391 3507 493 3572 Plut.
517 3503 557 3570 de
579 3503 654 3570 leid.
678 3508 710 3567 et
732 3500 813 3568 Osir.
836 3505 898 3568 (ιλ
921 3493 938 3565 ὃ
964 3498 999 3565 δὲ
1021 3497 1169 3587 ἐμφανής
1190 3502 1244 3566 καὶ
1268 3499 1441 3588 πρόχειρος

309 3608 363 3682 (so.
381 3602 503 3687 λόγος),
531 3596 587 3669 σῦκ
604 3595 794 3687 ἀναγκαῖον,
817 3593 889 3667 οὐδ’
915 3602 1110 3690 ἀπερίεργον
1133 3595 1220 3686 ὄψον
1244 3593 1440 3690 ἀποφαίνων

308 3701 366 3770 τόν
388 3701 500 3785 ἰχθῦν,
526 3699 656 3790 Ὁμήρῳ
681 3716 853 3788 μαρτυρεῖ,
881 3702 962 3790 μήτε
986 3709 1136 3781 Φαίακας
1164 3701 1241 3780 τοῦς
1268 3699 1440 3794 ἁβροβίους

256 3820 286 3871 ³0
308 3804 390 3891 μήτε
410 3802 486 3881 τοῦς
503 3797 709 3892 Ἰθακησίους
738 3797 940 3892 ἀνθρώπους
968 3804 1145 3893 νησιώτας,
1176 3804 1291 3888 ἰχθύσι
1316 3811 1439 3894 χρωμέ-

393 4025 541 4079 Δνστοιιαε
563 4029 645 4093 5sqq.
663 4023 891 4080 Aristarchus
909 4025 944 4080 οδ
962 4029 1049 4083 11747
1067 4026 1134 4082 Van.
1147 4026 1172 4079 Δ
1184 4023 1245 4080 etB
1262 4028 1290 4080 et
1306 4025 1340 4081 οδ
1357 4029 1437 4081 6368.

1483 4115 1484 4146 λ
