3008 4734
770 322 905 379 Robortus
923 322 1024 378 Weber

882 486 953 558 οὐδ’
978 486 1065 579 ἧψεν
1087 495 1166 578 κρέα

451 587 523 661 οὐδ’
551 593 748 681 ἐγκέφαλον·
778 589 877 660 ιάπτα
900 594 936 660 δὲ
957 595 1013 659 καὶ
1033 592 1095 670 τάς
1115 595 1254 670 κοιλίας.

452 689 538 762 οὕτω
561 688 684 783 σφόδρ’
703 681 742 783 ἦν
766 687 911 781 άρχαῖος,

323 793 523 887 Ἀντιφάνης
546 803 639 885 φησί.

820 935 972 1001 XXXIV.

286 1068 301 1115 5
409 1054 546 1120 Athen.
570 1055 660 1120 112⁰
688 1052 832 1117 καὶτῶν
856 1054 960 1137 κρεῶν
983 1051 1019 1116 δὲ
1046 1064 1163 1137 μοῖραι
1186 1048 1360 1132 ἐνέμοντο·
1394 1047 1471 1116 ὅθεν

324 1154 417 1231 ἐίσας
433 1156 515 1242 φησὶ
531 1152 592 1231 τὰς
608 1153 724 1230 δαῖτας
739 1147 807 1218 άπὸ
821 1156 879 1240 τῆς
896 1146 1057 1240 ἰσότητος.
1080 1150 1122 1216 τὰ
1137 1149 1199 1238 γὰρ
1216 1152 1339 1217 δεῖπνα
1355 1151 1471 1228 δαῖτας

324 1255 434 1341 ἔλεγον
450 1248 518 1320 άπὸ
535 1259 594 1320 τοῦ
614 1255 802 1335 δατεῖσθαι,
827 1247 864 1319 οὗ
887 1253 989 1337 μόνον
1010 1256 1077 1319 τῶν
1097 1255 1201 1334 κρεῶν
1223 1252 1481 1337 διανεμομένων

325 1350 409 1422 άλλά
432 1359 568 1422 καὶτοῦ
592 1355 700 1422 σ’ίνοο·

429 1469 491 1562 ἤδη
512 1475 573 1559 μὲν
596 1473 710 1552 δαιτός
731 1473 939 1560 κεκορήμεθα
960 1471 1073 1558 θυμόν
1095 1472 1186 1561 ἐίσης
1207 1477 1247 1549 (θ
1262 1476 1326 1552 98).

273 1570 301 1619 10
368 1561 396 1592 ““

323 1585 379 1667 καί
427 1637 547 1826 χαῖρ’,ὁ
556 1637 694 1727 Ἀχιλεῦ,
718 1642 833 1721 δαιτὸς
853 1645 914 1727 μὲν
930 1642 1021 1732 ἐίσης
1043 1635 1101 1708 οὐκ
1123 1639 1289 1718 ἐπιδευεῖς
1311 1645 1447 1720 (1225).

324 1760 358 1827 ἐκ
379 1761 547 1828 τοότωνδ
550 1755 731 1884 ’ἐπείσθη
754 1761 996 1848 Ζηνόδοτος
1018 1757 1171 1827 δαῖταέί
1158 1766 1231 1848 ίσην
1254 1757 1314 1846 τὴν
1337 1754 1468 1847 άγαθην

208 1945 212 1951 .
324 1865 494 1948 λέγεσθαι.
528 1860 603 1929 επελ
623 1861 685 1949 γάρ
707 1859 726 1949 ἡ
750 1887 857 1988 τροφη
881 1865 929 1988 τη]
952 1855 1126 1948 ἀνθρώπῳ
1145 1854 1310 1948 άγαθδν
1292 1875 1468 1947 αναγκαῖον

322 1961 372 2052 ἦν,
396 1963 511 2030 επεκτε
513 1969 595 2044 ίνας,
618 1969 730 2052 φησίν,
754 1963 880 2051 ε’ίρηκεν
896 1989 911 2030 ε
913 1970 996 2052 ί.σην
1026 1962 1156 2029 ἐπεὶῐ
1124 1989 1156 2030 οι
1178 1965 1310 2050 πρῶτοι
1332 1959 1466 2048 άνθρω-

273 2078 301 2128 15
324 2091 395 2147 ποι,
419 2065 470 2144 οἷς
485 2059 576 2153 δὴ
541 2091 579 2132 ου
595 2069 706 2152 παρῆν
722 2061 877 2153 αφθονος
890 2091 1008 2154 τροφη
1029 2059 1105 2151 άρτι
1120 2068 1325 2152 φαινομένης
1339 2059 1467 2150 αθροον

410 2261 510 2338 5sqq
544 2255 646 2320 Plut
669 2261 790 2338 quaest.
813 2254 939 2320 conviv.
962 2255 1096 2335 1110,1
1124 2244 1180 2316 ὅτε
1207 2249 1267 2335 τὴν
1294 2249 1466 2334 ἐπώνυμον

325 2346 425 2440 ἀρχὴν
447 2379 546 2440 ηρχον
568 2353 664 2442 οίκοι,
693 2352 735 2418 τὰ
759 2355 901 2418 πλεῖστα
922 2356 989 2418 τῶν
1012 2353 1063 2418 δεί
1050 2358 1157 2418 ίπνων
1179 2337 1331 2428 δαῖτες
1310 2374 1407 2440 ησαν,
1437 2351 1465 2416 ἒν

323 2469 398 2530 ταῖς
419 2454 595 2532 θυσίαιςί
580 2454 707 2540 εκάστην
728 2453 865 2573 μερίδος
888 2446 1186 2542 ἀποκληρουμένης

410 2559 488 2639 Ssq.
517 2558 620 2622 Plut
643 2558 768 2623 conviv.
792 2563 872 2640 sept.
894 2557 1029 2639 sapient„
1052 2576 1079 2621 ε.
1095 2560 1133 2621 13
1155 2577 1186 2640 p.
1201 2558 1281 2620 1560
1311 2552 1387 2620 ἐπεὶ
1409 2553 1464 2630 τάς
1487 2623 1488 2628 ,

272 2668 301 2717 m
323 2679 359 2740 γε
374 2655 572 2740 προπόσεις,
595 2654 669 2744 ἔφη,
693 2653 787 2732 λιτὰς
802 2654 1019 2738 πυνθάνομαι
1034 2654 1111 2732 τοὺς
1127 2653 1302 2736 παλαιούς,
1322 2655 1463 2742 δαιτρόν,
1487 2645 1488 2660 ³

324 2751 370 2834 ὥς
383 2749 528 2844 Ὅμηρος
550 2757 614 2845 ἔφη
637 2762 680 2837 (Δ
697 2761 780 2837 262),
803 2758 858 2822 καὶ
879 2755 1040 2846 μετρητόν
1061 2755 1198 2823 ἑκάστου
1221 2762 1380 2834 πίνοντος
1400 2759 1462 2823 κτλ.

410 2865 530 2943 14sqq.
563 2860 663 2926 Plut
687 2867 809 2944 quaest.
832 2861 957 2928 eonviv.
980 2860 1149 2926 1110113
1179 2851 1217 2924 οὗ
1242 2855 1305 2944 γὰρ
1334 2857 1463 2946 φιλικόν

323 2953 400 3026 οὖδὲ
416 2959 627 3044 συμποτικόν,
651 2956 756 3044 οἶμαι,
779 2966 958 3047 προοίμιον
974 2953 1122 3042 εὐωχίας,
1145 2955 1310 3047 ὑφόρασις
1332 2965 1388 3026 καί
1410 2956 1462 3044 ἆρ-

324 3061 468 3146 πασμός,
490 3064 546 3128 καὶ
564 3065 683 3149 χειρῶν
699 3054 822 3145 άμιλλα
837 3063 891 3127 καὶ
908 3059 1159 3147 διαγκωνισμός,
1183 3054 1257 3126 ἀλλ’
1277 3055 1391 3127 άτοπα
1412 3064 1462 3127 καί

272 3175 300 3224 25
322 3161 435 3230 κυνικὰ
456 3165 513 3228 καὶ
533 3165 736 3229 τελευτῶντα
758 3162 919 3239 πολλάκις
941 3161 989 3239 είς
1015 3162 1183 3247 λοιδορίας
1204 3164 1259 3228 καὶ
1281 3156 1399 3248 ὀργάς,
1431 3157 1461 3229 oi*

323 3257 396 3330 κατ’
421 3256 571 3350 ἀλλήλων
598 3264 701 3348 μόνον
730 3257 814 3328 ἄλλά
844 3263 900 3328 καὶ
929 3263 1012 3329 κατὰ
1039 3267 1107 3330 τῶν
1133 3263 1392 3350 τραπεζοκόμων
1412 3267 1461 3331 καὶ

323 3363 407 3431 κατὰ
428 3367 495 3430 τῶν
518 3360 714 3432 ἑστιώντων.

408 3550 555 3603 Δτετοετε
583 3553 665 3618 bsqq.
691 3549 937 3605 Aristarchus:
961 3551 1116 3619 Apollon.
1134 3549 1232 3618 Soph.
1249 3566 1276 3619 p.
1290 3553 1362 3614 56,8
1381 3551 1462 3606 Bekk.

324 3631 441 3702 (Etym.
454 3632 492 3686 M.
506 3636 625 3696 251,30),
643 3632 771 3687 scholia
787 3633 823 3688 εδ
841 3638 927 3690 Mes
944 3634 1048 3690 ΜΒ
1066 3636 1094 3689 et
1110 3638 1190 3703 9983
1208 3633 1244 3690 cf.
1256 3633 1462 3704 Tryphonem

323 3716 397 3786 apud
414 3717 584 3771 Athenaeum
600 3715 664 3771 XIV
679 3719 756 3773 640⁶.

322 3805 509 3940 Ambrgsngq·
536 3799 571 3855 cf.
589 3802 827 3872 peripatetica
849 3803 988 3859 scholia
1004 3803 1039 3858 εδ
1057 3807 1144 3859 Α449
1162 3804 1268 3860 Ven.A
1288 3807 1317 3858 et
1333 3803 1369 3859 εδ
1387 3809 1458 3876 7441

408 4057 440 4108 20
459 4045 562 4120 αὐτούς
579 4054 670 4112 vodda
690 4072 760 4116 corr.
778 4057 931 4112 Hercherus
949 4051 1035 4122 λιτάς.
