3008 4734
313 292 373 352 106
756 295 892 351 Robertus
911 297 1010 351 Weber

310 463 368 532 διά
389 464 448 551 τὴν
470 464 505 531 έν
525 469 565 554 τῇ
591 471 681 554 μέθῃ
704 467 896 554 παρῥηοίαν
916 468 972 532 καλ
993 465 1055 544 τὰς
1084 460 1229 545 ἀπειλὰς
1257 466 1298 545 ἃς
1323 472 1472 554 Τρωσὶν

309 562 471 648 ὑπέσχετο
493 567 721 647 οἰνοποτάζων
742 572 852 648 (Υ84)
872 563 1101 652 ὑπομείναντα
1121 566 1181 656 τὴν
1197 562 1384 652 Ἀχιλλέως
1412 566 1472 655 όρ-

308 667 374 756 μὴν
401 672 457 736 καὶ
484 673 604 756 μικροῦ
629 668 940 753 παραπολλύμενον.
981 671 1037 736 καὶ
1059 663 1273 756 Ἀγαμέμνων
1303 671 1343 737 δὲ
1377 673 1473 756 λέγει

307 795 375 838 που
397 773 478 856 περὶ
499 766 617 837 αῦτοῦ·

269 893 285 942 5
414 873 490 946 ἄλλ’
516 879 592 948 ἐπεὶ
614 873 768 966 άασάμην
790 883 889 968 φρεσὶ
912 882 1105 968 λευγαλέῃσι
1126 882 1282 968 πιθήσας
1304 889 1338 961 (Ι
1355 889 1441 963 119)

412 973 435 1069 ἢ
457 982 538 1069 οἴνῳ
558 981 706 1066 μεθύων,
728 976 750 1068 ἦ
771 975 809 1065 μ’
835 981 988 1066 ἔβλαψαν
1009 986 1088 1050 θεολ
1112 976 1216 1064 αῦτοί,

308 1093 357 1172 εἷς
383 1092 443 1179 τὴν
466 1087 567 1178 αῦτὴν
588 1095 701 1169 τιθεὶς
727 1090 916 1178 πλάστιγγα
936 1092 996 1179 τήν
1017 1099 1127 1181 μέθην
1148 1097 1190 1182 τῇ
1211 1099 1327 1181 μανίᾳ.
1373 1087 1468 1160 οῦτω

308 1195 345 1260 δὲ
372 1197 427 1261 καὶ
455 1193 498 1259 τὰ
527 1194 592 1282 έπη
619 1197 725 1259 ταῦτα
731 1197 971 1318 προηνέγκατο
993 1191 1350 1282 Διοσκουρίδηςῐ
1330 1222 1350 1262 ο
1374 1189 1467 1263 Ἰσο-

307 1294 447 1381 κράτοις
478 1245 644 1381 μαθηίής.
686 1297 742 1360 καὶ
771 1289 789 1360 6
819 1288 987 1377 Ἀχιλλεὺς
1018 1287 1049 1360 δ’
1081 1287 1251 1372 ὀνειδίζων
1280 1299 1330 1381 τεῦ
1359 1291 1467 1382 Ἀγα-

257 1409 286 1458 1⁰
306 1401 446 1481 μέμνονί
467 1415 586 1484 φησιν·
612 1393 813 1483 (οινοβαρές,
836 1394 932 1474 κυνός
954 1388 1078 1481 ὄμματ’
1103 1394 1184 1477 ἔχων
1189 1389 1275 1476 '(A
1289 1401 1380 1476 225).

819 1637 939 1703 XXVI.

393 1771 547 1848 (Athen.
570 1772 651 1838 ΧΙΠ
669 1771 751 1836 556⁶
768 1765 961 1852 “θαυμάσαι
983 1764 1016 1834 δ’
1035 1763 1076 1835 άν
1097 1793 1150 1846 τις
1171 1771 1286 1857 (φησὶν
1300 1762 1466 1855 Ἅριστο·

308 1871 414 1958 τέλης)
442 1863 495 1938 ότι
525 1865 673 1954 οὐδαμοῦ
700 1875 760 1958 τῆς
782 1864 923 1948 Ἰλιάδος
942 1863 1088 1958 Ὅμηρος
1121 1868 1260 1958 έποίησε
1271 1872 1490 1989 Μενελάῳ

309 1977 576 2058 συγκοιμωμένην
590 1972 781 2038 παλλακίδα
795 1975 883 2039 πάσι
897 1971 975 2050 δοῦς
988 1985 1153 2058 γυναῖκας.
1179 1975 1364 2055 κοιμῶνται
1380 1978 1465 2058 γοῦν

308 2066 392 2193 παρ’
408 2067 498 2160 αῦτῳ
512 2077 568 2142 καὶ
584 2101 615 2140 οι
607 2075 781 2160 ίγέροντες
801 2072 886 2158 μετὰ
900 2099 1072 2194 γυναικηιν,
1095 2078 1235 2160 Νέστωρ
1251 2099 1308 2140 και
1296 2076 1463 2153 Φοῖνιξ.

257 2188 285 2238 15
308 2168 346 2241 06
361 2173 464 2263 γὰρ,
447 2173 530 2241 ν’σαν
546 2169 639 2242 οῦτοι
661 2173 868 2259 ἐκλελυμένοι
888 2189 961 2253 τοῖς
983 2174 1135 2258 σάμασιν
1157 2173 1192 2240 έν
1205 2188 1278 2253 τοῖς
1299 2178 1360 2262 τῆς
1385 2177 1463 2242 νεό-

306 2301 405 2364 τητος
431 2277 563 2363 χρόνοις
591 2303 610 2364 η
595 2267 691 2343 διὰ
712 2281 822 2365 μέθης
846 2303 866 2364 η
852 2267 937 2343 δι’
964 2267 1217 2404 άφροδισίων”
1194 2303 1214 2362 η
1237 2279 1292 2344 καὶ
1316 2276 1376 2343 διὰ
1401 2305 1463 2365 της

308 2403 342 2444 εν
355 2392 430 2457 ταῖς
445 2376 650 2498 ἀδηφαγίαις
671 2372 835 2463 άπεψίας,
857 2371 944 2444 ὥστε
959 2377 1095 2456 εἰκότως
1116 2377 1277 2464 ἔρρωνται
1296 2382 1347 2464 τῷ
1359 2380 1462 2469 γήρᾳ.

306 2480 412 2547 ἔοικεν
428 2467 486 2546 οῦν
501 2506 518 2546 ο
507 2476 749 2604 ’Σπρρτιάτης
767 2479 942 2546 αἰδεῖσθαι
963 2478 1107 2565 γαμετὴν
1122 2465 1225 2545 οῦσαν
1240 2477 1301 2567 τὴν
1312 2475 1461 2571 Ἑλένην,

306 2575 443 2666 ῦπέρ
421 2605 461 2668 ης
488 2583 543 2646 καὶ
568 2579 628 2665 τὴν
650 2579 810 2664 στρατιὰν
831 2576 984 2667 ἤθροισε.
1021 2580 1141 2667 διόπερ
1163 2579 1368 2668 φυλάττεται
1398 2610 1461 2671 την

255 2697 286 2746 20
308 2680 395 2768 πρὸς
417 2677 519 2768 άλλην
540 2687 726 2748 κοινωνίαν.
759 2707 776 2748 ο
765 2675 826 2748 δ
841 2675 1101 2767 Ἀγαμέμνων“
1076 2707 1122 2760 ως
1143 2681 1407 2768 πολογόνοιος“
1387 2687 1459 2753 υπό

311 2789 473 2870 Θερσίτου
496 2783 715 2870 λοιδορεῖται·

434 2895 552 2961 πλεῖαί
571 2919 626 2961 τοι
645 2894 768 2976 χαλκοῦ
788 2895 925 2974 κλισίαι,
947 2894 1072 2960 πολλαὶ
1095 2893 1131 2960 δὲ
1151 2906 1301 2979 γυναῖκες

433 2994 519 3062 εἰσὶν
541 2993 590 3063 ἐνὶ
611 2997 741 3084 κλισίης
763 2994 937 3081 ἐξαίρετοι,
960 2987 1000 3073 ῦς
1021 3021 1075 3062 τοι
1096 2988 1224 3076 Ἀχαιοί

435 3105 613 3185 πρωτίστῳ
636 3098 771 3181 δίδομεν
792 3105 835 3177 (Β
849 3103 1015 3182 226sqq.).

255 3219 284 3270 25
307 3200 382 3273 ἄλλ’
409 3201 467 3274 οῦκ
496 3206 583 3285 εἰκὸς
615 3212 730 3297 (φησὶν
758 3203 1040 3292 δᾌριστοτέλης)
1074 3204 1122 3282 εἰς
1151 3209 1268 3292 χρῆσιν
1297 3203 1383 3274 εἶναι
1415 3210 1455 3278 τό

394 3433 510 3510 lisqq.
542 3427 683 3494 Athen.
701 3427 718 3491 Ι
738 3425 796 3490 25f
815 3427 998 3507 κοιμῶνται
1020 3423 1057 3489 δὲ
1078 3423 1162 3506 μετὰ
1184 3429 1345 3511 γυναικῶν
1362 3424 1452 3516 παρ’

304 3523 435 3613 Ὁμήρῳ
458 3520 496 3592 οῦ
517 3526 620 3610 μόνον
642 3526 675 3592 οἱ
698 3530 776 3606 νέοι,
799 3519 958 3591 ἀλλὰκαὶ
980 3525 1014 3591 οἱ
1034 3530 1184 3614 γέροντες
1201 3526 1322 3604 Φοῖνιξ
1340 3553 1376 3593 τε
1394 3537 1454 3600 καὶ

307 3632 463 3713 Νέστωρ·
495 3628 587 3712 μόνῳ
614 3626 781 3713 Μενελάῳ
815 3619 853 3692 οῦ
880 3625 1087 3705 συνέζευκται
1118 3627 1196 3716 γονὴ
1227 3627 1283 3696 διὰ
1314 3645 1454 3714 γυναῖκα

305 3726 449 3815 γαμετὴν
470 3723 685 3816 ἡρπασμένην
706 3726 766 3814 τὴν
788 3733 964 3814 στρατείαν
986 3733 1215 3816 πεποιημένῳ.

391 3947 540 4000 Δνουοιιεε
567 3951 650 4016 9εηη.
677 3947 775 4016 corp.
799 3945 922 4016 μετίημι
948 3946 1037 4000 ΡΙαί.
1059 3952 1191 4014 quam
1215 3963 1291 4002 οοοι.
1308 3947 1361 4002 Ἠ
1380 3965 1403 4003 11
1419 3957 1449 4017 6,

18 3948 133 4178 a
306 4030 473 4099 Porphyr.
491 4030 527 4084 οδ
544 4035 621 4087 1203
639 4030 684 4096 (cf.
702 4031 845 4088 Aristot.
863 4031 897 4084 de
913 4035 972 4085 arte
988 4034 1060 4099 ροεί.
1079 4047 1104 4086 ε.
1117 4035 1169 4098 25).
