3008 4734
466 1069 784 1147 FRAGMENTA

140 1360 345 1427 Praemittere
361 1363 617 1428 commentationi
632 1367 741 1445 aptum
756 1362 860 1427 visum
876 1366 924 1426 eet
938 1361 1025 1443 ipsae
1041 1359 1191 1426 collectas

52 1467 88 1526 et
110 1462 282 1546 dispositas
298 1463 499 1530 Dioscuridei
521 1465 599 1547 περὶ
621 1464 687 1527 τῶν
708 1454 791 1542 παρ’
807 1455 936 1547 Ὁμήρῳ
960 1457 1068 1541 νόμων
1090 1461 1191 1526 libelli

52 1563 218 1646 reliquias,
241 1570 276 1628 nt
289 1565 330 1630 ad
346 1566 591 1648 fragmentorum
607 1565 665 1631 hoe
680 1584 827 1631 numeros
842 1582 1016 1646 versusque
1031 1563 1192 1629 remittere

51 1667 152 1732 lineat
174 1685 228 1732 eos
251 1667 305 1749 qui
327 1667 582 1734 dissertationem
605 1673 744 1734 nostram
766 1666 882 1748 legent.

610 1854 635 1920 1.

143 1970 292 2038 Suidae
320 1993 343 2038 ε.
363 1993 392 2037 v.
406 1963 549 2059 Ὅμηρος
578 1969 640 2056 (<>)
669 1978 701 2038 et
726 1971 929 2038 Athenaei
957 1973 1097 2056 epitoma
1118 1973 1133 2037 Ι
1155 1975 1193 2036 8⁰

54 2062 148 2153 (Ὅτι
163 2071 466 2158 Διοσκουρίδης
488 2071 521 2138 ἐν
535 2085 607 2150 τοῖς
621 2065 703 2156 παρ’
719 2066 850 2191 Ὁμήρῳ
866 2071 980 2154 νόμοις
995 2075 1097 2190 φησὶν
1112 2068 1157 2149 ὥς
1174 2068 1191 2137 ὁ

55 2166 256 2257 ποιητής>ὁ
239 2174 325 2256 ορῶν
339 2169 398 2258 τήν
413 2173 629 2260 σωφροσύνην
644 2172 846 2259 οἰκειοτάτην
863 2167 980 2293 ἀρετήν
1001 2196 1102 2238 ουσαν
1124 2185 1194 2250 τοῖς

57 2278 148 2349 νέοις
170 2275 225 2338 καὶ
244 2271 391 2390 πρώτην,
415 2274 464 2340 ἐ’τι
487 2270 563 2340 δὲ
546 2273 772 2360 αρμάττσυσαν
786 2275 842 2339 καλ
857 2274 992 2340 πάντων
1006 2277 1072 2341 ταῖν
1087 2276 1194 2340 καλῶν

54 2372 196 2502 χορηγὸν
219 2358 335 2455 οὐσαν,
362 2373 607 2495 βρυλόμενος’
593 2378 739 2463 εμφῦσαι
761 2374 863 2441 πάλιν
886 2368 987 2460 αὐτὴν
1009 2368 1071 2440 ὐπ’
1097 2369 1234 2461 ὐρχήςο

57 2480 115 2543 καὶ
138 2474 303 2562 ἒφεξήςβ
289 2502 342 2542 ινα
365 2475 424 2562 τήν
447 2475 566 2563 σχολην
587 2481 642 2544 καὶ
664 2475 722 2543 τὸν
745 2475 877 2602 ζήλον’
863 2501 896 2543 εν
917 2491 988 2554 τοῖς
1009 2475 1162 2555 καλοῖς”
1145 2501 1198 2598 ερ-

57 2601 130 2664 γοις
158 2569 360 2644 ἀναλίσκωσι
390 2581 446 2645 καὶ
475 2566 557 2646 ὦσιν
586 2573 781 2666 εὐεργετικοὶ
810 2583 866 2646 καὶ
894 2582 1079 2646 κοινωνικοὶ
1112 2577 1199 2666 πρὸς

60 2672 236 2764 ἀλλήλους,
273 2671 386 2763 εὐτελή
414 2681 631 2747 κατεσκεύασε
657 2684 744 2748 πᾶσι
772 2680 830 2748 τὸν
857 2686 932 2766 βίον
961 2683 1016 2747 καὶ
1046 2674 1197 2769 αὐτάρκη,

63 2779 268 2864 λογιζόμενος
289 2779 349 2858 τὰς
372 2779 557 2908 ἐπιθυμίας
578 2782 710 2861 καὶτὰς
731 2779 852 2870 ήδονάς
875 2782 1090 2910 ἰσχυροτάτας
1111 2789 1197 2868 γίνε-

64 2885 146 2946 σθαι
167 2882 239 2968 (καὶ
262 2882 399 2968 πρώτας
422 2884 470 2951 ε’τι
485 2910 521 2951 τε
534 2888 588 2950 καὶ
609 2879 773 2974 εμφύτους
794 2883 872 2969 τάς>
893 2888 971 2970 περὶ
995 2882 1119 2968 ἐδωδὴν
1141 2887 1195 2949 καὶ
1222 2900 1249 2950 10
1302 2959 1306 2968 ,

62 2981 172 3064 πόσιν,
194 2981 272 3061 τούς
289 2983 325 3049 δὲ
340 2983 618 3072 διαμεμενηκότας
641 2984 674 3051 ἐν
691 2979 836 3073 εὐτελείᾳ
856 2979 1029 3061 εὐτάκτους
1049 2988 1102 3050 καὶ
1120 2988 1198 3102 περὶ

61 3083 119 3150 τὸν
135 3080 291 3152 άλλονλ
254 3091 291 3170 βλ
293 3111 329 3151 ον
349 3085 534 3171 γίνεσθαι’
521 3099 694 3207 εμκρατεῑς.
729 3083 838 3172 ἁπλῆν
855 3071 911 3152 οὐν
928 3080 1174 3151 ἀποδέδωκε
1139 3111 1199 3172 την

63 3187 193 3253 δίαιταν
208 3195 294 3254 πᾶσι
315 3185 421 3254 καλ
385 3214 444 3276 την
461 3181 560 3272 αὐτήν
576 3183 639 3272 ὁμο
642 3193 701 3265 λαις
721 3189 913 3271 βασιλεῦσιν
929 3186 1089 3268 ἰδιώταις,
1113 3192 1199 3265 νέοις

64 3288 272 3373 πρεσβύταις,
295 3288 430 3375 (λέγων’

263 3389 356 3476 παρὰ
380 3391 415 3456 δὲ
438 3389 552 3478 ξεστήν
576 3389 730 3458 ἒτάννυσε
751 3389 916 3477 τράπεζαν
1221 3408 1249 3458 15

147 3505 237 3559 σῑτον
260 3485 292 3557 δ’
314 3491 423 3579 αἰδοίη
444 3498 545 3579 ταμίη
568 3497 740 3581 παρέθηκε
763 3497 911 3580 φέρουσα
933 3499 964 3581 (η
984 3497 1064 3573 174).

146 3593 280 3680 δαιτρὸς
303 3593 338 3660 δὲ
359 3597 475 3682 κρειῶν
499 3600 640 3673 πίνακας
662 3599 852 3684 παρέθηκεν
872 3587 985 3678 άείρας
1005 3601 1157 3677 (α141),·

149 3786 266 3865 12sqq.
303 3777 430 3868 [Plut]
459 3780 519 3848 Vit.
543 3783 635 3850 Hom.
663 3804 690 3850 ο.
706 3786 768 3848 205
802 3779 945 3868 φανερὸς
972 3781 1009 3847 δέ
1042 3781 1112 3850 ἐστι
1144 3785 1200 3849 καὶ

67 3881 122 3968 τήν
144 3879 235 3967 λιτήν
258 3880 389 3948 δίαιταν
410 3877 552 3968 ὑγιεινήν
568 3877 821 3968 ὑπολαμβάνων.
858 3889 1022 3972 πεποίηκε
1041 3883 1103 3974 γὰρ
1125 3883 1201 3961 τούς

150 4071 228 4136 leqq.
252 4053 356 4139 Optime
373 4065 511 4122 Kaibeliue
528 4068 631 4122 textum
648 4065 773 4122 restitnit.
