3018 4736
140 320 145 330 .
277 265 337 323 192
558 267 692 324 Robertus
710 265 810 322 Weber
826 265 869 321 De
885 265 1055 322 Dioscuridis
1074 273 1125 324 etc.
1241 266 1243 271 ’

360 437 445 521 Ergo
469 439 556 521 quod
577 439 659 505 inter
672 437 893 506 Aristarchum
909 444 942 506 et
956 439 1132 523 Didymnm
1150 442 1329 508 interfuerit
1351 463 1423 510 sae-

274 543 381 610 culum
408 541 531 608 vidisse
553 540 776 607 Dioscuridom
806 542 982 608 statuimus.
1028 540 1122 619 Quod
1149 544 1177 610 si
1206 545 1257 609 cui
1279 547 1423 628 numeris

274 645 455 726 exprimere
482 644 607 724 lubeat,
635 643 703 708 iere
730 642 811 708 inter
839 663 939 710 annos
961 663 990 708 a.
1008 641 1081 708 eur.
1097 665 1128 710 n.
1147 647 1206 709 160
1229 651 1262 710 ct
1282 647 1323 708 60
1347 666 1423 714 eum

273 745 395 811 vixisse
418 744 514 811 dicat.
559 745 766 827 Aliquantulo
789 749 896 810 autem
918 745 1049 828 propius
1073 764 1147 811 eum
1175 747 1351 813 accessisse
1376 747 1423 814 ad

273 846 451 913 Aristarchi
473 853 617 931 tempora
631 847 766 914 fortasse
788 845 864 912 indo
879 846 1060 931 concludas,
1084 847 1170 931 quod
1190 868 1222 932 p.
1240 846 1315 912 140b
1337 849 1423 916 inter

273 949 497 1016 Dioscuridem
526 954 559 1014 et
579 947 755 1032 Didymum
775 948 943 1014 intercedit
964 948 1138 1016 Aristocles
1161 949 1306 1034 qnidam,
1329 952 1421 1019 cuius

272 1070 389 1130 nomen
411 1049 735 1135 Schweighaeuserus
757 1055 845 1116 certa
860 1050 1081 1116 emendatione
1096 1051 1187 1116 nobis
1210 1050 1336 1118 videtur
1351 1073 1420 1119 cor-

272 1153 395 1220 rexisse
417 1153 450 1217 in
465 1153 615 1219 Nicoclis.
653 1151 756 1217 Huius
771 1151 857 1216 enim
878 1151 1093 1217 testimonium
1109 1153 1202 1218 alteri
1225 1152 1265 1220 de
1277 1154 1419 1222 Persaeo

273 1261 305 1320 et
316 1253 507 1320 Dioscuride
518 1255 590 1320 loco
603 1259 635 1320 et
645 1252 807 1320 antecedit
820 1256 862 1337 (p.
873 1250 962 1336 140⁶)
973 1259 1006 1318 et
1013 1254 1217 1337 subsequitur
1228 1256 1271 1337 (p.
1288 1255 1386 1338 141²).
1394 1257 1419 1340 ¹)

357 1355 463 1422 Unum
484 1360 584 1421 restat
605 1354 646 1421 de
669 1355 868 1422 Dioscuridis
890 1355 1025 1420 alicuius
1048 1355 1187 1438 quodam
1210 1375 1308 1438 opere
1329 1359 1418 1424 testi-

271 1459 431 1542 monium,
459 1457 547 1542 quod
568 1457 611 1524 ad
638 1455 722 1523 hunc
743 1461 919 1538 revocetur,
949 1453 1057 1522 Photii
1078 1476 1103 1522 s.
1119 1477 1150 1522 v.
1174 1453 1315 1542 σκυτάλη
1337 1456 1417 1525 hoo:

271 1559 514 1647 Διοσκουρίδης
535 1557 569 1624 ἑν
589 1570 662 1635 τοῖς
675 1558 755 1644 περὶ
777 1561 925 1639 νομίμων
939 1556 1039 1641 arist)
1075 1558 1288 1624 Probabiliter
1308 1566 1416 1624 antem

271 1664 444 1730 Muellerus
466 1662 603 1729 coniecit
624 1660 718 1726 huius
740 1660 846 1744 operis
869 1665 993 1742 partem
1017 1659 1116 1726 fuisso
1137 1660 1218 1744 περὶ
1239 1661 1305 1725 τῶν
1328 1650 1412 1744 παρ’

268 1759 399 1850 Ὁμήρῳ
415 1760 525 1844 νόμων
546 1764 701 1830 libellum.
737 1761 822 1826 Nam
837 1780 966 1844 prorsus
980 1759 1270 1827 Alexandrinorum
1286 1781 1416 1846 respon-

271 1866 327 1931 det
348 1865 438 1947 mori,
462 1884 503 1931 ex
526 1885 588 1948 quo
612 1883 744 1947 operum
765 1863 873 1946 amplo
894 1861 1017 1927 ambitu
1038 1863 1286 1945 compositorum
1308 1863 1417 1946 singu-

270 1969 311 2034 lis
326 1967 471 2051 partibus
486 1966 629 2049 singulos
644 1964 880 2047 superscribere
896 1964 1042 2030 solebant
1057 1964 1175 2030 titulos.
1198 1964 1301 2030 Immo
1317 1965 1415 2031 etiam

270 2063 471 2150 Accerserit
493 2067 677 2144 πολιτείαν,
700 2066 836 2132 sirecte
858 2064 900 2131 de
922 2066 991 2131 eius
1012 2069 1127 2130 natura
1148 2071 1181 2131 et
1202 2066 1311 2132 indole
1333 2066 1415 2132 iudi·

271 2171 431 2254 cavimus,
460 2168 604 2236 eiusdem
633 2169 739 2252 operis
767 2172 891 2249 partem
919 2166 1018 2232 fuisse
1041 2185 1079 2231 eo
1108 2167 1235 2233 iacilius
1263 2167 1414 2250 conicias,
1486 2155 1491 2166 ’

271 2272 359 2357 quod
380 2271 609 2357 Spartanorum
630 2267 792 2352 quandam
807 2266 1068 2334 consuetudinem
1087 2274 1213 2334 enarrat
1233 2267 1315 2335 illud
1330 2267 1415 2336 Pho·

269 2375 391 2440 tianum
412 2375 634 2458 fragmentum.

354 2559 378 2621 1)
396 2555 437 2609 Gi.
456 2554 554 2623 Bappii
571 2551 705 2608 dirsertat.
723 2549 741 2604 l.
754 2551 772 2604 l.
786 2565 814 2617 p.
827 2553 869 2603 88.

352 2642 378 2704 2)
396 2638 436 2694 ef.
455 2636 576 2693 Mueller.
590 2637 607 2690 l.
621 2635 639 2690 l.
652 2637 686 2690 ir.
700 2641 723 2690 4.
761 2721 763 2726 Ι
