3018 4736
263 289 324 348 168
708 283 844 340 Rohertus
860 282 962 340 Weber

264 460 379 526 Dionis
401 463 474 526 suut
494 479 526 543 p.
542 457 604 522 209
622 456 690 522 Ru
713 453 764 538 (ir.
780 459 818 522 21
848 455 944 540 Apud
966 453 1082 522 Athen.
1104 475 1137 539 p.
1155 450 1209 518 tib
1231 451 1273 520 de
1300 453 1414 538 procis

397 581 429 646 p.
448 562 517 641 102,
536 555 688 641 18-23);
849 556 931 624 haec
959 556 1107 640 leguntur
1135 554 1186 638 (fr.
1210 558 1247 620 21
1278 576 1309 641 p.
1336 557 1413 639 102,

264 663 425 728 τελευτῶν
447 659 483 726 δὲ
500 657 663 744 ἐπεχείρει
677 655 823 735 τοξεύειν
1061 661 1109 722 14.
1128 655 1198 739 15);

267 758 407 849 ἄπειρος
436 749 482 826 ιῖίν
509 757 640 846 τοξικῆς
667 761 722 825 καὶ
751 757 824 836 τὰς
1496 844 1497 849 ¹

262 877 405 950 χεῖρας
435 859 539 928 οὕτω
561 857 640 926 ὑπὸ
667 862 825 948 τρυφῆς
851 857 937 925 οὕτω
975 858 1010 924 δὲ
1043 856 1111 924 διὰ
1142 856 1215 944 τὴν
1246 855 1415 946 τρυφὴν

267 963 567 1053 διεφθαρμένοςί),
597 958 648 1040 ὦς
676 959 724 1048 μῆ
756 960 824 1027 δύ·
850 958 922 1039 τὰς
963 972 1107 1047 χεῖρας
1151 959 1184 1026 οἱ
1226 961 1417 1048 μνηστῆρες

268 1070 423 1133 νασθαι
439 1063 612 1132 ἅπτεσθαι
626 1067 685 1151 τῆς
699 1067 824 1150 νευρᾶς,
853 1061 981 1145 ἔχουσιν
997 1057 1141 1142 ἁπαλάς,
1164 1057 1219 1139 ὦς
1240 1060 1341 1148 μηδὲ
1363 1058 1414 1126 τὸ

269 1167 299 1235 εἰ
333 1166 378 1254 μῆ
416 1191 468 1244 τις
504 1163 687 1254 ἐπιχρίσειε
725 1169 825 1251 στέαρ
851 1163 971 1243 τόξον
994 1162 1175 1231 ἐντεῖναι
1198 1161 1416 1230 δύνασθαι.
1498 1237 1499 1248 ,

267 1264 825 1357 (φ175εση.)...μηόὲέπιτεῑ-

270 1397 336 1438 ναι
370 1367 599 1453 δυνάμενος
625 1366 669 1435 τὸ
703 1367 826 1446 τόξον

268 1473 336 1538 κτλ.

270 1591 427 1658 Nimirum
456 1589 532 1656 inde
560 1610 624 1657 non
651 1588 870 1656 concludimus
893 1587 985 1655 ·haec
1012 1585 1171 1654 Athenaei
1198 1588 1298 1655 verba
1324 1585 1415 1670 apud
1500 1561 1501 1598 ί

270 1690 494 1760 Dioscuridem
522 1712 593 1757 cum
622 1691 753 1758 Antinoi
782 1690 929 1772 exemplo
959 1691 1127 1756 coniuncta
1154 1690 1262 1756 fuisse.
1312 1689 1415 1754 Immo

272 1795 408 1861 Dionem
430 1793 562 1860 liberius
583 1793 670 1860 fonte
692 1811 749 1858 suo
771 1811 863 1857 usum
886 1810 957 1857 esso
979 1791 1145 1857 credimus.
1187 1791 1271 1857 Nam
1293 1790 1417 1873 optime

272 1894 445 1962 cohaerent
473 1913 545 1960 cum
566 1893 704 1960 ineuntis
727 1892 841 1975 cepitis
864 1895 904 1957 29
928 1890 993 1958 his:
1022 1891 1078 1956 καὶ
1107 1890 1139 1956 οἱ
1167 1892 1349 1977 μνηστῆρες
1379 1888 1418 1954 δὲ
1502 1923 1503 1976 i

272 1986 356 2080 παρ’
383 1985 472 2078 αὕτη]
500 2006 658 2060 πεσσοῖσι
685 1989 904 2076 προπάροιθε
932 1990 1069 2078 θυράων
1098 1990 1275 2075 ἐτέρποντο
1299 1990 1349 2074 (fr.
1373 1995 1414 2054 21

272 2119 305 2183 p.
322 2099 393 2180 102,
411 2095 538 2174 1213).
583 2097 634 2162 De
647 2095 811 2162 Phaeniee
826 2101 932 2162 autem
948 2101 980 2160 et
994 2095 1130 2180 Apionis
1151 2095 1342 2162 testimoniis
1359 2113 1418 2159 ex·
1503 2138 1504 2160 2

273 2199 428 2266 trinsecus
450 2217 492 2264 ex
506 2195 677 2281 Pamphilo
699 2195 819 2262 additis
834 2197 1011 2264 rectissime
1026 2197 1203 2262 Brunlrium
1219 2196 1419 2263 iudicavisse

275 2317 440 2366 censemus
461 2299 483 2363 l.
498 2299 519 2363 l.
534 2319 565 2382 p.
581 2301 631 2363 34.
675 2298 815 2364 Fuerunt
837 2297 918 2364 haec
939 2299 973 2363 in
995 2318 1035 2365 ea
1056 2298 1185 2381 quidem
1214 2299 1288 2364 libri
1313 2303 1419 2382 parte,

275 2401 331 2468 uhi
352 2399 395 2466 dc
415 2398 654 2482 magnificentia
672 2405 705 2465 et
725 2399 853 2464 luxurie
867 2399 1049 2466 Phaeacum
1066 2405 1098 2464 et
1117 2419 1286 2483 procorum
1308 2399 1420 2483 dispu-

273 2501 355 2569 tevit
376 2499 592 2566 Dioscorides.

360 2600 486 2666 Deinde
508 2598 753 2666 Plutarchus
775 2599 890 2682 quihus
912 2601 991 2668 locis
1014 2606 1046 2667 et
1067 2621 1131 2684 qua
1145 2602 1268 2668 ratione
1282 2602 1418 2668 Dioscu-

275 2700 355 2768 ridis
376 2701 493 2766 librum
514 2702 548 2768 iu
569 2721 661 2768 suum
675 2721 767 2768 usum
782 2702 981 2783 converterit,
1004 2703 1144 2769 nondum
1159 2704 1300 2770 absolvit
1317 2703 1419 2768 Brun·

275 2802 360 2886 hius,
382 2808 501 2869 utnon
523 2803 591 2868 sine
612 2802 716 2868 fructu
738 2801 820 2868 hanc
841 2822 909 2868 rem
931 2802 1036 2870 denuo
1057 2824 1116 2872 nos
1137 2810 1326 2871 hortaturos
1346 2824 1420 2872 esse

277 2923 451 2989 speremus.
486 2904 570 2970 Nem
592 2923 656 2970 non
677 2906 780 2971 solum
801 2905 835 2970 in
850 2905 1088 2988 quaestionibus
1106 2907 1336 2990 convivalibus,
1359 2907 1420 2973 sed

277 3007 374 3074 etiem
403 3007 437 3072 in
463 3008 624 3074 nonnullis
653 3009 726 3074 aliis
748 3007 912 3074 Plutarchi
941 3009 1032 3074 libris
1053 3009 1253 3077 Dioscuridis
1281 3011 1422 3094 vestigia

277 3109 392 3176 insunt.
398 3111 421 3184 ²)
457 3108 573 3176 Adhuc
587 3108 785 3176 Schradcrus
806 3110 839 3185 (l.
852 3110 873 3173 l.
894 3129 926 3192 p.
940 3112 1001 3173 374
1013 3113 1094 3193 sqq.)
1116 3131 1304 3178 consensum
1318 3112 1419 3178 anim·

277 3210 418 3277 advertit
438 3211 521 3276 inter
542 3229 595 3292 ea,
618 3230 700 3292 quae
723 3209 811 3294 apud
827 3209 1028 3276 Athenaeum
1052 3213 1084 3276 in
1106 3212 1128 3277 l.
1142 3213 1159 3277 I
1173 3234 1200 3279 c.
1220 3215 1256 3277 10
1281 3219 1313 3280 et
1332 3213 1421 3298 apud

364 3430 389 3492 1)
406 3424 537 3481 Videntur
554 3426 632 3494 quasi
648 3426 703 3479 huc
720 3424 854 3492 respicere
871 3424 966 3480 Dionis
983 3426 1065 3480 verba
1081 3427 1109 3480 in
1127 3443 1166 3481 or.
1184 3429 1236 3483 VII
1248 3445 1275 3498 p.
1286 3429 1371 3485 2le
1389 3432 1424 3486 de

278 3503 365 3587 α’ρχίη
382 3509 558 3580 disputantis:
574 3512 624 3566 καί
642 3499 688 3567 ὅτι
705 3505 799 3576 ἄλλως
815 3501 868 3575 scic
883 3516 982 3582 χεῖρας
999 3505 1072 3582 ἔχεις
1082 3507 1156 3570 κατὰ
1175 3509 1242 3580 τοὺς
1258 3519 1424 3588 μνηστῆρας

278 3587 433 3667 ἀτρίπτους
449 3597 497 3651 καί
515 3587 627 3660 ἁπαλάς
644 3597 675 3666 (φ
688 3598 757 3660 251).

365 3683 391 3744 2)
409 3678 469 3746 Qua
484 3680 513 3733 in
530 3695 559 3734 re
577 3679 653 3735 nohis
670 3683 757 3734 toturn
768 3679 944 3736 Plutarchum
959 3683 1139 3750 cenantibus,
1157 3699 1218 3738 cum
1231 3683 1425 3742 Duebueriano

278 3760 362 3816 indici
378 3761 445 3816 fides
462 3763 543 3831 plene
560 3763 635 3818 nulla
652 3762 696 3829 sit,
714 3763 814 3820 anxilio
832 3772 970 3832 venerunt,
989 3782 1056 3837 quas
1073 3783 1116 3822 res
1135 3769 1269 3838 congessit
1286 3775 1313 3823 et
1330 3769 1424 3840 dispo-

279 3845 337 3902 suit
351 3846 546 3901 Ammonsitius
562 3848 591 3902 in
613 3847 801 3903 dissermtione
815 3848 860 3904 ‘de
876 3849 1016 3906 Plutarchi
1039 3851 1134 3906 studiis
1150 3845 1318 3918 Homericis’,
1340 3851 1424 3922 Regi·

277 3928 365 4068 hurornti
381 3927 561 4030 Dommorum
577 3931 650 3986 edita
667 3947 692 3989 a.
707 3937 782 3999 1881,
800 3933 835 3991 cf.
852 3934 981 4004 imprimis
999 3952 1026 4005 p.
1037 3939 1069 3990 36
1080 3951 1138 4004 sqq.
1152 3930 1198 3992 ‘de
1214 3937 1290 3992 cultu
1305 3943 1332 3993 et
1348 3939 1425 3996 victu

299 4029 390 4070 mcum
401 4055 407 4069 .
