3008 4734
204 322 246 378 De
264 322 433 377 Dioscuridis
451 325 516 397 περὶ
534 326 593 378 ταῖν
610 315 679 394 παρ’
692 317 801 398 Ὁμήρῳ
819 319 918 394 νόμων
934 323 1033 380 libello.
1133 323 1191 382 101

33 488 51 558 ό
81 491 121 558 δὲ
145 492 442 580 Μεγακλείδης
470 493 553 581 φησὶ
576 489 635 558 τδν
652 485 814 559 Ὀδυσσέα
841 495 1091 578 καθομιλοῦντα
1116 490 1195 570 τοὺς

33 591 181 680 καιροὺς
213 589 299 680 ὑπὲρ
336 597 395 660 τοῦ
429 593 537 660 δοκεῖν
566 589 719 684 δμοήθης
755 608 827 673 τοῖς
861 595 1006 674 Φαίαξιν
1039 590 1125 660 είναι
1154 592 1192 660 τὸ

37 691 261 782 ἁβροδίαιτον
284 686 392 760 αὐτῶν
415 687 640 775 ἀσπάζεσθαι,
665 695 927 782 προπυθόμενον
948 700 1008 764 τοῦ
1027 689 1193 761 Ἀλκίνου·

131 794 198 862 αἰεὶ
219 787 251 860 δ’
270 789 349 882 ἡμῖν
372 795 447 874 δαίς
469 821 505 862 τε
527 797 608 884 φίλη
631 801 769 882 κίθαρίς
789 822 826 864 τε
844 803 941 884 χοροί
962 822 1007 878 τε,

131 897 254 980 εἵματα
269 889 301 960 τ’
319 894 478 983 ἐξημοιβὰ
494 896 612 980 λοετρά
626 922 664 964 τε
678 895 790 982 θερμὰ
811 903 867 966 καὶ
890 893 982 965 εόναί
1004 903 1043 980 (θ
1054 902 1115 964 248
1123 904 1192 982 αφ).
1215 909 1231 958 5

38 998 159 1084 μόνως
181 995 243 1083 γάρ
266 989 371 1074 οὕτως
393 989 490 1086 ᾠήθη
514 991 560 1063 τόν
581 993 700 1085 ἤλπιζε
721 997 765 1084 μὴ
790 1000 993 1083 διαμαρτεῖν.

130 1100 272 1168 Athon.
289 1103 306 1166 I
323 1099 381 1166 16ᾱ
404 1099 425 1166 ἃ
447 1099 512 1188 έπη
536 1107 561 1178 (ι
577 1105 690 1185 bsqq.)
709 1094 1010 1189 Ἐρατοσθένης
1033 1093 1119 1167 οότω
1140 1124 1194 1186 χε-

38 1201 205 1290 γράφθαι
227 1205 346 1289 φησίν·

131 1300 171 1369 οὐ
193 1299 255 1388 γὰρ
278 1301 378 1388 ἔγωγέ
399 1307 433 1369 τί
455 1326 543 1389 φημι
563 1303 658 1380 τέλος
676 1307 889 1387 χαριέστερον
913 1298 999 1370 είναι

132 1394 154 1492 ἢ
177 1395 257 1470 όταν
281 1397 465 1492 εόφροοόνη
486 1403 547 1486 μὲν
570 1401 624 1490 1έχη
647 1397 825 1491 κακότητος
848 1397 1008 1492 άποόσης,
1217 1415 1245 1466 10

131 1504 329 1590 δαιτυμόνες
352 1498 383 1571 δ’
411 1498 473 1570 άνδ
497 1495 624 1587 δώματ’
651 1497 877 1583 άκουάζωνται
900 1499 1026 1584 άυιδυό,

40 1606 227 1695 κακότητος
243 1600 395 1694 άποόσης
417 1603 554 1694 φάσκων
567 1607 626 1691 τῆς
648 1598 847 1695 άφροσόνης.
881 1600 1043 1673 άδόνατον
1064 1604 1126 1693 γὰρ
1148 1605 1192 1692 μὴ

42 1715 233 1799 φρονίμους
254 1704 340 1775 εἶναι
365 1712 533 1788 Φαίακας,
563 1707 597 1772 οἳ
617 1705 708 1789 μάλα
730 1709 826 1793 φίλοι
848 1707 913 1774 εἰσὶ
936 1713 1079 1787 θεοῖσιν,
1105 1702 1192 1793 ὦςῆ

43 1808 229 1879 Ναυσικάα
251 1816 337 1899 φησί
357 1808 389 1889 (ζ
401 1813 485 1888 203).

577 1995 667 2061 XIX.

132 2133 274 2201 Athen.
292 2133 357 2198 XII
374 2130 456 2197 513³
479 2128 544 2196 εἰσὶ
568 2122 600 2192 δ)
620 2128 655 2195 o‘i
672 2151 758 2215 φασι
779 2127 900 2216 ταύτης
923 2125 1009 2195 εἶναι
1030 2133 1089 2216 της
1109 2128 1194 2214 γνώ-
1218 2142 1245 2191 1⁵

42 2262 112 2326 μης
138 2232 198 2301 τὸν
210 2225 365 2321 Ὅμηρον,
395 2231 625 2316 προτάττοντα
646 2232 705 2295 τοῦ
728 2229 913 2296 σπουδαίου
935 2235 1011 2313 βίου
1034 2229 1196 2308 πολλάκις

42 2338 107 2406 τδν
129 2329 214 2402 καθ’
240 2330 370 2422 ἡδονήν,
394 2334 545 2419 λέγοντα·

136 2438 169 2505 oi
192 2435 227 2502 δὲ
249 2437 326 2502 θεοὶ
349 2433 420 2522 πάρ
443 2437 524 2522 Ζηνὶ
547 2431 732 2518 καθήμενοι
753 2424 942 2518 ἠγορόωντο
1045 2491 1049 2498 .

132 2541 260 2624 χρυσέῳ
283 2535 317 2602 έν
339 2533 486 2622 δαπέδῳ,
509 2533 593 2619 μετὰ
616 2535 652 2600 δέ
674 2554 774 2621 σφισι
795 2531 919 2599 πότνια
932 2524 1024 2622 Ἥβη

136 2644 251 2725 νέκταρ
274 2635 436 2724 ἐῳνοχόει,
459 2639 512 2703 τοὶ
536 2637 572 2702 δὲ
591 2638 743 2722 χρυσέοις
765 2633 928 2700 δεπάεσσι
1219 2650 1247 2699 io

136 2731 297 2820 δειδέχατ’
324 2731 485 2822 ἀλλήλους
506 2740 550 2816 (Δ
566 2744 683 2822 isqq.).

45 2846 105 2912 καὶ
128 2837 146 2910 δ
171 2840 345 2917 Μενέλαος
367 2838 403 2905 δὲ
425 2832 510 2922 παρ’
538 2832 628 2923 αὐτῷ
649 2841 768 2924 φησίν·

661 2932 738 3003 οὐδέ
758 2963 812 3004 κεν
833 2934 938 3022 ἡμέας

138 3040 219 3112 άλλο
242 3045 401 3132 διέκρινεν
424 3043 577 3132 φιλέοντέ
598 3063 634 3104 τε
656 3043 849 3124 τερπομένω
871 3062 908 3104 τε
930 3037 963 3116 (δ
981 3042 1041 3104 178
1049 3041 1119 3122 ειη).

52 3185 256 3200 ,,........-...-

141 3273 234 3350 isqq.
268 3265 407 3331 Athon.
430 3264 459 3330 V
482 3265 560 3327 1920
587 3259 625 3326 τό
653 3257 689 3324 δέ
717 3260 776 3324 τοῦ
798 3250 968 3324 Ἀλκινόου
998 3254 1196 3339 συμπόσιον,
1220 3273 1249 3322 25

51 3366 141 3455 πρὸς
163 3363 180 3432 δ
205 3359 410 3430 ἀποτέταται
432 3358 449 3429 δ
473 3366 532 3428 τοῦ
550 3357 735 3436 Ὀδυσσέως
757 3357 854 3444 λόχος
875 3363 899 3438 (ι
915 3363 1045 3444 5sqq.)·

140 3461 177 3558 οὐ
199 3464 261 3552 γάρ
284 3463 385 3550 όγωχέ
406 3469 440 3529 τί
462 3489 550 3552 φημι
570 3463 664 3539 τέλος
683 3465 896 3546 χαριέστερον
918 3455 1003 3524 εἶναι

138 3557 159 3654 ἢ
182 3560 262 3633 όταν
285 3563 468 3652 εὐφροσύνη
493 3565 553 3648 μὲν
575 3562 629 3650 έχη
652 3559 736 3628 κατὰ
758 3562 862 3648 δῆμον
885 3553 1029 3637 ἅπαντα,

140 3665 335 3750 δαιτυμόνες
357 3659 389 3730 δ’
415 3659 478 3730 άνδι
502 3659 629 3749 δώματ’
656 3657 882 3743 άκουάζωνται
904 3654 1029 3738 άοιδοῦ,

53 3773 147 3851 ξένου
162 3765 330 3853 ὑποδοχὴν
345 3764 420 3849 ἔχει,
443 3760 548 3832 όντων
562 3767 618 3831 καὶ
637 3757 744 3830 αὐτῶν
759 3766 825 3828 τῶν
843 3754 1001 3828 Φαιάκων
1016 3763 1198 3846 τρυφερῶν.
1221 3779 1250 3828 θ)

140 3971 288 4024 Ανοτοκτε
317 3974 397 4038 Ιεηη.
425 3967 520 4035 Oorp.
538 3964 664 4034 poripssz
692 3962 857 4032 Porphyr.
882 3963 918 4018 ad
939 3967 991 4017 ι5.
1022 3961 1125 4026 [Ρίυί.]
1147 3961 1165 4014 l.
1180 3961 1199 4013 l.

55 4061 149 4112 o.150.
882 4076 883 4080 =
