3018 4736
236 281 278 336 De
294 282 461 340 Dioscuridis
478 288 544 358 περί
561 289 620 342 τῶν
637 277 705 353 παρ’
719 278 831 360 Ὁμήρῳ
848 279 947 353 νόμων
961 281 1060 337 libello.
1157 282 1216 342 153
1262 319 1266 328 ·

62 449 271 533 prohibeant
296 453 338 520 ab
361 455 500 523 Homero
527 457 686 523 luxuriam
709 457 885 541 quandam,
915 456 1002 539 qnod
1023 456 1073 522 bis
1095 461 1218 522 tantm

63 551 238 620 Homerici
268 555 382 624 heroes
403 558 572 624 videantur
593 578 739 642 cenasse,
768 579 841 626 cnm
869 551 1005 642 ἄριστον
1028 565 1060 624 et
1081 556 1218 622 δεῖπνον

64 657 259 722 nominibus
281 658 395 725 eadem
415 660 610 744 significetur
632 665 750 737 oena.¹)

144 757 188 822 In
205 759 322 825 eodem
338 761 380 826 de
394 763 580 829 temulentia
589 765 694 847 capite
706 762 822 830 Athen.
834 763 879 828 l.I
892 765 930 828 18
946 782 1029 846 qnae
1043 766 1219 846 narrantur,

67 858 157 942 qnod
182 861 359 930 iactantiae
374 884 510 947 poenam
526 863 629 948 paene
644 866 756 932 luisset
769 865 896 932 Aeneas
911 865 961 941 (ir.
978 867 1018 929 25
1034 885 1065 948 p.
1084 867 1155 947 105,
1168 865 1219 928 20.

67 963 116 1042 21,
141 982 177 1044 p.
200 965 400 1050 106,1-3),
430 967 544 1031 eadem
571 967 686 1033 morali
713 969 836 1034 ratione
859 967 986 1034 deflexa
1011 967 1160 1050 leguntur
1186 965 1221 1030 in

67 1061 200 1130 scholio
211 1065 291 1130 Ven.
304 1067 330 1130 B
345 1067 389 1133 ad
408 1071 505 1133 Y84:
527 1065 855 1149 acroceramina,
871 1071 929 1154 της
944 1063 1037 1151 παρὰ
1051 1080 1123 1144 τοῖς
1138 1086 1221 1148 συμ-

68 1168 214 1240 ποσίοις
236 1172 442 1251 προπετείας
464 1161 734 1256 άπαλλάσοοντα,
758 1162 804 1236 δι’
827 1163 873 1236 ὥν
896 1192 981 1257 φησι
1001 1166 1059 1235 τδν
1077 1167 1221 1234 Αἰνείαν

68 1262 123 1329 διὰ
139 1262 210 1343 τὰς
225 1260 310 1353 παρ’
330 1268 410 1355 οἴνῳ
432 1266 629 1352 ὑποσχέσεις
650 1265 763 1358 ὀλίγου
786 1271 854 1339 δεῖν
868 1272 1084 1339 κινδυνεῦσαι.
1118 1270 1222 1350 Quam
1246 1267 1251 1282 '

11 1397 12 1400 ¹
69 1366 255 1435 doctrinam
271 1391 314 1437 ex
329 1373 442 1439 eodem
463 1376 560 1460 fonte,
584 1395 625 1442 ex
641 1396 704 1459 qno
726 1375 767 1442 de
782 1377 850 1441 vini
864 1375 951 1462 apud
967 1375 1142 1440 Homerum
1163 1393 1223 1440 usu

70 1489 147 1535 snae
163 1472 217 1536 rei
240 1473 447 1542 Dioscorides
469 1477 604 1543 fructum
627 1479 726 1562 oepit,
749 1484 781 1542 et
803 1475 878 1542 huic
899 1476 1136 1560 suppeditatum
1151 1493 1223 1541 esse

10 1665 11 1670 ρ
70 1577 109 1635 et·
128 1571 167 1636 in
200 1572 326 1640 scholia
353 1579 540 1659 pervenisse
567 1579 735 1662 probabile
763 1585 826 1661 est,
855 1598 897 1644 ex
926 1571 1136 1660 peripatetico
1165 1575 1223 1642 illo

10 1671 11 1698 *
69 1673 276 1741 collectaneo
300 1695 406 1759 opere.
1020 1677 1023 1686 '

10 1777 11 1862 j
158 1773 289 1843 Gertius
310 1784 418 1845 autem
444 1779 528 1846 bunc
551 1781 686 1847 eundem
713 1781 832 1847 iontem
861 1779 953 1846 nobis
982 1776 1224 1864 deprehendere

71 1877 226 1943 videmur
255 1880 289 1943 in
318 1881 365 1947 eis
387 1901 469 1964 qnae
498 1881 539 1948 de
562 1884 696 1949 vetustis
719 1882 900 1948 cantoribus
927 1879 1104 1964 disputavit
1126 1877 1225 1945 Athe·

72 1997 178 2044 naeus
199 1999 232 2062 p.
251 1978 306 2043 141’
317 2001 387 2064 sqq.
410 1983 458 2052 (fr.
476 1987 515 2049 37
531 2004 563 2067 p.
582 1987 652 2065 116,
667 1989 682 2047 1
697 1986 778 2066 sqq.)
796 1984 921 2049 collatis
936 1981 1068 2048 scholiis
1085 2000 1167 2064 quae
1182 1979 1225 2046 ad

73 2104 93 2161 y
108 2084 176 2145 207
189 2087 330 2147 aetatem
345 2084 607 2166 perduraverunt.
644 2085 851 2167 Peripatetici
872 2085 957 2149 enim
972 2083 1127 2148 Demetrii
1141 2081 1225 2147 Pha·

75 2182 190 2260 lerei‘2)
206 2185 411 2268 potissimum
426 2193 499 2252 snut
514 2205 596 2268 quae
610 2186 679 2250 illic
693 2191 909 2267 exponuntur:
933 2179 1019 2246 οὕτω
1033 2180 1226 2269 Δημήτριος

81 2275 99 2344 ὁ
126 2283 306 2370 Φαληρεύς.
343 2288 426 2354 Aliis
446 2287 582 2353 namatis
605 2285 647 2351 de
662 2284 848 2351 Demodoco
871 2291 1000 2351 cantore
1017 2283 1136 2368 Pythia
1156 2284 1225 2349 vin·

77 2391 182 2468 cente,
204 2407 279 2453 cum
300 2389 465 2456 Menelaus
487 2395 520 2455 et
541 2389 655 2455 Ulixes
676 2385 869 2470 Delphicum
885 2386 1069 2469 Apollinem
1089 2385 1226 2468 adirent,

76 2485 160 2553 haec
181 2489 347 2572 leguntur:
369 2486 428 2555 τὸν
451 2489 487 2555 δὲ
508 2487 704 2576 Δημόδοκον
727 2487 775 2564 εἰς
797 2485 957 2573 Μυκήνας
987 2484 1099 2570 λαβὼν
1127 2478 1226 2572 Ἀνα-

74 2593 212 2671 μέμνων
241 2589 337 2667 ἔταξε
364 2589 423 2676 τήν
451 2589 727 2677 Κλυταιμήστραν
755 2603 876 2676 τηρεῖν.
931 2588 1052 2671 ἐτίμων
1082 2588 1118 2655 δὲ
1152 2590 1228 2654 λίαν

74 2688 155 2768 τούς
170 2684 281 2776 ᾠδοὺς
304 2687 351 2768 ὡς
373 2691 592 2769 διδασκάλους
606 2695 672 2759 τῶν
686 2716 723 2757 τε
738 2697 843 2758 θείων
857 2694 913 2758 καὶ
928 2692 1084 2758 παλαιῶν
1105 2684 1228 2777 ἄνδρα·

8 2849 10 2880 ,
74 2793 298 2880 μαθημάτων,
320 2796 457 2860 καὶτῶν
473 2787 581 2858 ἄλλων
596 2787 744 2876 ὀργάνων
758 2795 862 2858 πλέον
876 2791 936 2878 τήν
957 2791 1057 2880 λύραν
1077 2785 1228 2878 ἠγάπων.

77 2895 175 2982 δηλοῖ
198 2895 236 2960 δὲ
257 2897 315 2961 καὶ
330 2892 587 2979 Κλυταιμήστρα
609 2891 667 2980 τήν
690 2891 738 2970 εἰς
761 2887 860 2959 αὐτὸν
881 2892 990 2977 τιμήν.
1028 2886 1066 2958 οὗ
1088 2891 1149 2978 γὰρ
1166 2915 1229 2978 φο-

8 3041 9 3048 ι
77 2997 184 3064 νεύειν
215 2990 292 3062 ἀλλ’
320 2989 492 3083 ἀφορίζειν
520 2988 620 3060 αὐτὸν
648 2993 805 3060 ἐκέλευσε.
855 2995 946 3074 Quae
973 2996 1111 3078 amplius
1139 2994 1229 3061 aliud

166 3187 193 3248 1)
210 3181 338 3236 Eandem
356 3180 517 3234 sententiam
539 3179 738 3248 amplectuntur
762 3178 867 3234 scholis
883 3178 952 3234 Ven.
971 3178 996 3230 A
1012 3180 1041 3231 et
1058 3177 1129 3244 quod
1146 3176 1229 3246 paulo

76 3265 185 3333 plenius
204 3271 249 3321 cst
265 3265 335 3320 Ver.
355 3265 378 3318 B
395 3264 429 3318 ad
447 3266 475 3317 B
486 3267 548 3318 381:
567 3269 681 3320 δεῖπνον
697 3259 732 3321 τὸ
752 3257 875 3320 ἑωθινὸν
892 3257 1012 3332 ἄριστον
1029 3263 1112 3326 (velut
1128 3259 1228 3328 Porph.

77 3349 111 3403 ad
131 3353 222 3414 953),
243 3344 261 3407 ὃ
280 3342 320 3404 δι’
333 3340 459 3420 άνάγκην
471 3343 529 3420 πρὸ
542 3351 594 3404 τοῦ
611 3349 895 3414 δέοντοςποιοῦνται.
925 3341 1035 3418 δόρπον
1050 3346 1080 3402 δὲ
1095 3340 1230 3402 idione·

79 3433 161 3509 ρινὸν
179 3429 317 3505 δόροπάν
328 3453 355 3488 τι
374 3430 416 3499 δν,
434 3427 468 3489 τὸ
487 3432 559 3502 μετὰ
570 3429 622 3504 τήν
633 3437 737 3490 παῦσιν
747 3436 806 3489 τῶν
818 3429 949 3500 δοράτων
965 3429 1121 3496 διδόμενον,
1147 3425 1181 3486 κδ
1201 3429 1231 3486 os
1318 3452 1322 3460 ·

78 3527 197 3579 δεῖπνον
221 3511 291 3577 ἔσθ’
315 3509 365 3573 iius
387 3521 484 3574 πᾶσαν
505 3514 623 3590 τροφήν.
666 3509 805 3588 Αἰσχύλος
826 3516 855 3573 δὲ
880 3519 976 3579 κακῶς
993 3508 1109 3585 ιοῗριστα
1131 3517 1230 3570 δεῖπνα

77 3602 174 3678 δόρπα
193 3598 229 3661 θ’
242 3594 406 3672 αἱρεῖσθαί,
424 3604 499 3673 τρισὶ
517 3595 545 3656 δ’
558 3595 694 3658 οὐδέποτε
707 3597 773 3658 οὔτε
790 3603 945 3671 μνηστῆρες
957 3593 1023 3654 οὔτε
1039 3595 1096 3668 μὴν
1111 3593 1231 3669 κάκλωψ

77 3688 211 3763 ἐχρῶντο
231 3692 367 3758 τροφαῖς,
384 3699 453 3752 qnae
470 3685 599 3752 ampliore
616 3686 696 3738 ctiam
714 3685 817 3738 ratione
828 3681 990 3738 Eustctbius
1007 3682 1178 3752 persequitur
1195 3682 1232 3736 ad

80 3778 162 3830 3381
178 3791 208 3842 p.
223 3773 286 3835 242,
297 3772 329 3820 17
340 3783 397 3837 sqq.
432 3768 475 3820 Ex
491 3768 584 3822 iisdem
599 3768 781 3837 peripateticis
798 3765 933 3822 thesauris
950 3765 1019 3822 haec
1036 3766 1163 3834 originem
1181 3765 1230 3820 du·

78 3874 139 3914 cere
157 3872 237 3912 nunc
255 3852 397 3922 probabile
413 3852 525 3905 ridmnr.

166 3945 194 4007 2)
214 3938 307 3992 Huius
322 3935 355 3989 de
367 3935 462 3990 stodiis
474 3935 623 3989 Homericis
635 3935 695 3990 ride
706 3931 898 4000 Sergebnscbii
909 3933 1122 3990 dissertationem
1133 3933 1230 3988 Home-

77 4027 166 4083 ricam
185 4024 311 4094 priorem
327 4019 356 4072 in
374 4019 506 4074 Dindorlii
523 4019 614 4072 iliadis
631 4018 694 4074 edit.
712 4035 738 4087 p.
752 4021 784 4072 80
793 4032 851 4086 sqq.
