3018 4736
209 313 251 366 De
265 313 434 369 Dioscuridis
452 319 518 386 περὶ
535 319 594 374 τῶν
611 309 679 388 παρ’
692 309 800 390 Ὁμήρῳ
817 312 916 385 νόμων
932 317 1031 371 libello.
1131 317 1189 376 127

74 485 183 550 subesse
205 483 381 552 doctrinam
405 486 571 570 concedes,
595 489 622 553 si
644 488 817 554 Aristonici
838 487 881 553 ad
903 491 999 571 ρ599
1022 490 1192 555 contuleris

74 585 150 652 haec:
181 583 376 672 δειελιήσας]
410 585 498 672 πρδς
529 585 588 672 τὴν
617 585 760 676 δειλινὴν
793 585 882 670 άίραν
915 589 1191 675 παραγενόμενος,

72 691 219 755 τουτέστιν
241 687 301 774 τὴν
323 692 545 776 μεσημβρίαν·
567 677 588 774 ἢ
610 687 669 775 τὴν
691 688 868 777 ἑσπερινὴν
883 690 1074 775 διατρίψας.
1109 689 1193 756 ἔνιοι

74 787 101 853 δὲ
116 785 179 876 τὴν
194 788 339 876 δειλινὴν
354 787 481 877 τροφὴν
496 783 624 856 αἰτῶν.
653 792 710 856 καὶ
725 791 937 874 Καλλίμαχός
953 815 1037 878 φησι
1052 787 1193 858 (δείελον

73 889 243 972 οίτίζουσιν,
267 886 385 976 άγουσι
408 891 444 956 δὲ
462 905 576 977 χεῖρας
599 883 662 956 ἀπ’
681 885 801 978 δρμουζ
825 891 884 978 τὴν
898 890 985 978 πρὸς
1004 895 1046 979 τῇ
1068 893 1193 980 δειλινῇ

70 990 177 1079 τροφὴν
197 991 375 1071 αἰτοῦντες.
409 986 446 1058 οὗ
470 991 619 1070 δεόντως.
654 993 896 1080 προειρήκαμεν
918 993 980 1080 γὰρ
1003 991 1056 1060 ὅτι
1078 995 1111 1060 οἱ
1134 988 1193 1081 άρ-

69 1106 143 1173 χαῑοι
157 1096 247 1179 τρισὶ
261 1107 404 1181 τροφαῖς
424 1092 574 1179 ἐχρῶντο.
596 1097 633 1162 V.
669 1093 752 1160 ἔνιοι
770 1091 842 1181 ςτὴν
858 1095 968 1181 δείλην
985 1090 1193 1182 διατρίψας,

70 1188 98 1258 οὐ
116 1189 267 1282 τφιμοῖν.
289 1199 327 1263 Β.
339 1197 379 1262 Η.
409 1197 503 1264 Unde
518 1203 607 1280 patet
622 1198 718 1263 etiam
734 1197 929 1265 Philemonis
945 1199 979 1264 in
993 1199 1075 1265 libro
1090 1199 1193 1282 primo

69 1299 265 1364 testimonium
280 1299 392 1365 deberi
406 1297 601 1382 Aristarcho,
625 1304 735 1364 contra
750 1319 844 1382 quem
865 1320 922 1366 suo
945 1301 1014 1366 inre
1037 1319 1109 1365 eum
1131 1300 1195 1366 dis·

67 1401 214 1480 putavisse
243 1420 418 1466 censemus.
463 1399 658 1466 Philemonis
687 1406 793 1465 autem
823 1401 883 1464 fuit
904 1401 1113 1468 Aristomenis
1143 1421 1194 1467 oo-

67 1501 128 1566 mici
153 1501 233 1566 illud
253 1493 487 1586 ’άκρατιοῦμαι
509 1491 639 1584 μικράν>
657 1499 742 1584 κτλ,
765 1500 850 1584 quod
873 1502 1054 1584 praecedit,
1078 1503 1194 1568 collato

67 1599 233 1686 Phrynicho
257 1600 304 1682 (ἐκ
327 1605 522 1690 σοφιστικῆς
544 1603 754 1688 παρασκευῆς
781 1603 815 1666 in
837 1602 941 1668 Bekk.
964 1603 1076 1668 anecd.
1099 1604 1195 1669 vol.I

67 1722 90 1782 p.
104 1707 150 1788 23,
164 1704 233 1788 15),
263 1705 349 1771 unde
371 1707 510 1788 suspicio
533 1725 591 1771 nos
614 1705 699 1770 subit
720 1705 817 1770 etiam
839 1704 980 1786 reliquos
1003 1705 1194 1770 comicorum

66 1823 161 1870 versus
182 1805 270 1890 apud
292 1805 510 1872 Aristarchum
531 1807 640 1872 fuisse.
677 1806 757 1872 Utut
778 1803 859 1870 haec
880 1824 932 1870 res
954 1824 990 1870 so
1012 1804 1119 1888 habet,
1146 1813 1196 1872 sat

66 1907 193 1990 amplum
215 1907 384 1974 frustulum
405 1909 439 1973 in
462 1907 523 1974 hoc
544 1907 702 1974 Athenaei
732 1907 838 1990 capite
860 1905 1130 1990 deprehendimus
1154 1927 1195 1972 ex
1232 1949 1235 1957 ι

66 2005 327 2074 Aristarcheorum
343 2006 603 2094 συγγραμμάτων
619 2009 672 2074 vel
686 2002 933 2093 ὑπομνημάτων
948 2006 1115 2074 thesauris.
1145 2009 1196 2074 De

18 2179 19 2182 ρ
66 2105 248 2176 Philemonis
278 2118 385 2176 autem
412 2112 474 2177 hoo
501 2111 678 2193 fragmento
705 2111 883 2176 accuratius
906 2108 1139 2192 disputavimus
1162 2111 1195 2174 in

67 2213 371 2278 commentationibus
383 2212 613 2279 Ribbeckianis
632 2204 688 2275 ‘de
703 2209 892 2276 Philemone
906 2204 1095 2275 Atheniensi
1110 2211 1193 2292 glos·

68 2305 224 2396 sographo'
250 2314 326 2380 inde
347 2335 368 2380 a
389 2336 420 2399 p.
437 2317 509 2378 446.

132 2416 365 2500 Etymologiam
380 2436 507 2500 quoque
519 2405 720 2500 άκρατισμάς
735 2415 839 2480 vocis:
860 2408 967 2476 διὰτὸ
986 2409 1025 2476 ἐν
1041 2403 1195 2497 ἀκράτῳ

18 2587 19 2592 1
67 2516 180 2598 βρέχειν
200 2517 256 2581 καὶ
278 2521 488 2599 προσίεσθαι
509 2513 651 2598 ψωμούς
671 2514 849 2581 Aristarchi
871 2515 970 2581 fuisse
991 2515 1086 2580 facile
1109 2516 1194 2582 coni-

69 2617 143 2683 citur.
176 2618 280 2696 Quam
295 2639 337 2684 ex
352 2618 542 2685 Dioscuride
559 2623 644 2684 certe
659 2615 848 2700 Plutarchus
864 2617 998 2701 sumpsit
1019 2617 1052 2680 in
1073 2623 1195 2698 quaest.

69 2721 177 2786 conviv.
184 2721 263 2786 VIII
277 2723 339 2803 6,4
354 2757 395 2766 —-
411 2719 464 2786 hic
479 2721 562 2786 cuim
575 2725 624 2785 cst
638 2719 693 2803 qui
707 2719 879 2784 indicatur:
898 2717 930 2781 οἱ
945 2713 1012 2782 τὸν
1029 2709 1075 2800 άρ
1079 2729 1196 2798 χαῖον

16 2851 17 2883 3
67 2822 146 2898 δίον
168 2818 499 2907 διαμνημονεύοντες,
523 2822 562 2886 cf.
586 2819 718 2885 Schrad.
737 2819 791 2882 ll.
814 2840 846 2903 p.
860 2822 921 2882 374
943 2843 999 2882 —:
1027 2820 1112 2904 φασὶ
1134 2815 1195 2901 γὰρ
1287 2842 1292 2852 ’

15 2920 17 3014 J
68 2916 194 3000 ἐκείνους
300 2921 406 2986 ἕωθεν
422 2919 551 2986 ἐσθίειν
568 2914 667 3005 ἄρτον
690 2916 730 2983 ἐν
753 2910 914 3002 άκράτῳ
1019 2915 1074 2981 διὰ
1097 2920 1194 2982 τοῦτο

15 3014 20 3120 t
67 3021 116 3100 μὲν
130 3017 314 3110 άκράτισμα
335 3023 447 3087 καλεῖν
470 3018 526 3086 διά
541 3019 599 3086 τὸν
615 3014 766 3104 άκρατον.
799 3021 905 3094 Etiam
928 3020 1041 3084 ceteris
1061 3019 1194 3084 vocibus

15 3135 19 3212 j.
69 3116 198 3205 ἄριστον,
222 3125 367 3205 δεῖπνον,
391 3120 516 3208 δόρπον
539 3143 612 3189 suas
635 3121 846 3204 etymologias
867 3119 955 3204 apud
971 3118 1194 3186 Dioscuridom

15 3215 16 3310 l
68 3223 180 3294 additas
194 3228 295 3294 fuisse
308 3233 395 3294 recte
410 3225 602 3291 conclusisse
618 3223 745 3288 videtur
759 3221 919 3286 Brunkius
933 3243 965 3304 p.
981 3225 1028 3286 15.
1062 3221 1100 3285 ln
1115 3240 1194 3286 voce

69 3317 143 3409 δψον
172 3329 364 3411 derivanda,
394 3347 477 3410 quae
505 3325 592 3411 apud
621 3324 827 3390 Plutarchum
848 3323 869 3386 1.
885 3323 905 3387 l.
930 3323 1071 3405 sequitur
1093 3313 1194 3405 άκρα-

68 3433 212 3512 τίσματυς
234 3431 491 3513 explicationem,
514 3427 717 3493 Aristarchus
739 3447 810 3492 cum
832 3423 1004 3490 Plutarcho
1027 3424 1194 3491 consentit.

69 3529 217 3599 Plutarchi
243 3534 328 3598 enim
350 3535 437 3596 sunt:
466 3522 554 3612 δ’ψον
578 3527 613 3592 δὲ
635 3524 672 3591 τδ
697 3523 1027 3612 παρασκευαζόμενον
1050 3521 1098 3598 είς
1127 3521 1195 3590 δεῖ·

69 3654 139 3698 τινον
155 3627 284 3707 αὐτοῖς·
307 3621 386 3713 ὀψὲ
400 3627 462 3714 γάρ
479 3628 635 3708 δειπνεῖν,
659 3621 728 3693 ἇπδ
743 3630 809 3692 τῶν
824 3623 977 3711 πράξεων
991 3627 1193 3709 γενομένους,

69 3733 227 3802 Aristonici
248 3727 355 3798 autem
370 3731 412 3797 ad
427 3736 465 3796 A
480 3735 541 3797 630
564 3731 660 3798 haec:
682 3726 736 3794 δτι
750 3731 819 3793 πᾶν
833 3724 1042 3812 προσόψημα
1057 3719 1146 3810 διμον
1162 3726 1195 3790 οἱ

15 3883 17 3894 .
70 3825 202 3919 ἀρχαῖοι,
232 3853 314 3918 quae
336 3835 474 3918 amplius
496 3833 592 3898 etiam
614 3833 646 3898 in
668 3832 792 3896 VenA
819 3829 869 3896 his
896 3836 1095 3894 enarrantur:
1126 3831 1195 3892 πᾶν

15 4007 16 4014 ,
70 3933 98 3998 δὲ
110 3935 144 4002 τδ
160 3931 243 4020 μετὰ
260 3929 360 4020 άρτου
384 3931 582 4015 ἐσθιόμενον
597 3926 685 4015 δ’ψον
700 3930 858 3995 καλεῖται.
892 3923 972 4013 ὀψὲ
993 3926 1055 4014 γάρ
1074 3926 1195 4014 ταύτην

15 4060 19 4073 ·
70 4038 263 4124 προσήγοντο
284 4033 344 4122 τὴν
358 4032 494 4121 τροφὴν,
519 4032 626 4098 ἕωθεν
642 4025 873 4118 άκρατίσμασι.
907 4029 959 4096 διδ
975 4025 1065 4114 καὶὴ
1082 4029 1194 4114 διπλῆ.
