3008 4734
208 305 249 359 De
267 304 434 360 Dioscuridu
452 307 593 378 περὶτῶν
610 299 678 377 παρ’
691 298 801 378 Ὁμήρῳ
820 299 918 372 νόμον
935 301 1034 359 libello.
1134 301 1195 360 109

37 473 117 540 ἐστὶ
151 473 188 540 δὲ
210 470 229 560 ῆ
252 473 347 552 τάξις
374 477 429 540 καὶ
458 468 541 560 παρ’
562 473 723 560 Αἰσχύλῳ
751 476 817 539 τιῦν
846 466 1018 558 ὀνομάτων
1041 470 1075 538 ἓν
1098 471 1149 549 οἷς
1176 467 1193 538 ό

38 567 260 663 Παλαμήδης
281 581 467 663 πεποίηται
489 578 608 662 λέγων·

200 679 256 742 καὶ
277 676 456 761 ταξιάρχας
478 681 534 743 καὶ
557 676 762 764 στρατάρχας
783 679 839 743 καὶ
861 675 1101 761 ἑκατοντάρχας

202 777 313 856 ἔταξα.
347 789 440 845 σῖτον
463 771 494 845 δ’
521 779 644 846 εἰδέναι
667 777 809 863 διώρισα

203 875 333 966 άριστα,
358 880 488 962 δεῖπνα,
512 880 624 967 δόρπα
647 874 679 946 δ’
706 881 880 964 αἱρεῖσθαι
902 886 1008 965 τρίτα.
1218 892 1233 941 5

38 984 105 1067 τῆς
129 980 167 1046 δὲ
185 980 343 1070 τετάρτης
363 987 491 1068 τροφῆς
514 976 619 1061 οότως
632 975 777 1071 Ὅμηρος
798 985 963 1068 μέμνηται
984 989 1015 1066 (ρ
1032 986 1121 1060 599)
1141 977 1195 1047 ισδ

41 1076 77 1148 δ’
99 1083 194 1168 ε’ρχεο
217 1077 429 1170 δειελιήσας’,
453 1083 471 1150 δ
494 1087 632 1150 καλοῦσί
654 1107 741 1160 τινες
763 1076 915 1162 δειλινόν,
939 1076 958 1150 ό
981 1080 1051 1150 ἐστι
1073 1081 1196 1167 μεταξὺ

38 1187 105 1250 τοῦ
128 1177 192 1272 ὑφ’
216 1181 310 1271 ἡμῶν
333 1186 508 1270 λεγομένου
537 1179 674 1272 άρίστοο
702 1187 756 1251 καὶ
787 1185 933 1251 δείπνου.
975 1187 1031 1254 καὶ
1060 1179 1197 1272 άριστον

39 1290 107 1369 μέν
124 1285 197 1352 ἐστι
218 1285 255 1352 τδ
272 1282 339 1352 όπδ
363 1285 422 1373 τῆν
446 1286 489 1352 ἕω
512 1286 769 1372 λαμβανόμενον,
793 1286 929 1352 δεῖπνον
952 1286 987 1352 δὲ
1010 1285 1047 1353 τδ
1070 1309 1197 1374 μεσημ-

39 1386 173 1472 βρινόν,
196 1386 215 1454 δ
238 1383 334 1474 ῆμεῑς
357 1383 502 1473 ἄριστον,
526 1387 653 1474 δόρπον
676 1388 711 1453 δὲ
732 1386 770 1454 τὸ
788 1387 974 1472 ἑσπερινόν.
1007 1387 1138 1476 μήποτε
1161 1387 1197 1454 δὲ
1221 1399 1248 1450 1ο

40 1491 102 1555 καὶ
127 1503 312 1573 συνωνυμεῖ
332 1487 369 1554 τὸ
395 1484 530 1576 άριστον
552 1492 600 1574 τῷ
623 1489 759 1574 δείπνῳ.
797 1487 854 1555 ἐπὶ
883 1488 946 1575 γάρ
968 1493 1027 1577 τῆς
1049 1493 1199 1576 πρωινῆς

43 1616 117 1656 που
143 1593 271 1678 τροφῆς
299 1588 363 1678 ἐ’φη
392 1595 436 1670 (Θ
458 1596 508 1658 53.
525 1594 595 1670 54)·
621 1586 669 1656 ὀἳ
691 1583 722 1654 δ’
750 1585 815 1676 άρα
844 1589 980 1657 δεῖπνον
1002 1589 1115 1656 ἕλοντο
1277 1667 1280 1672 .

42 1686 118 1758 άπὸ
144 1684 177 1756 δ’
204 1684 304 1758 αὐτοῦ
331 1685 577 1778 θωρήσσοντά.
613 1690 697 1776 μετὰ
724 1690 786 1778 γάρ
814 1690 873 1780 τὴν
903 1686 1066 1779 άνατολῆν
1096 1685 1198 1772 εὐθὺς

43 1791 395 1880 δειπνοποιησάμενοι
418 1797 638 1878 προέρχονται
661 1791 708 1870 εἰς
730 1792 789 1878 τῆν
810 1793 926 1882 μάχην.

134 1896 274 1964 Athen.
297 1896 388 1962 112⁵
411 1893 537 1974 ἰδιάζον
560 1896 596 1962 δὲ
610 1894 648 1961 τό
666 1893 760 1981 παρά
775 1894 941 1981 Μενελάῳ
964 1894 1090 1981 εἰσάγει
1114 1919 1196 1979 συμ-
1220 1907 1248 1957 15

44 1996 184 2062 πόσιον.
219 1995 463 2084 δειπνῆσαντας
479 1995 540 2081 γὰρ
557 2011 651 2064 ποιεῖ
665 1993 863 2079 ὁμιλοῦντας
886 1997 918 2075 (δ
933 1999 1003 2076 61)·
1028 1991 1090 2063 εἶτ’
1109 1991 1197 2062 άπο-

44 2101 256 2183 νιψαμένους
278 2111 371 2164 ποιεῖ
393 2097 497 2163 πάλιν
520 2098 737 2174 δειπνοῦντας
758 2100 812 2163 καὶ
838 2097 965 2185 δόρπου
988 2097 1117 2176 ἐξαῦτις
1139 2121 1197 2181 με-

46 2203 236 2287 μνημένους
256 2199 289 2279 (δ
303 2203 378 2280 215)
398 2197 482 2282 μετά
502 2197 561 2265 τόν
582 2197 765 2280 κλαυθμόν.

49 2415 191 2503 άριστον
213 2412 271 2503 ἅμ’
291 2412 348 2506 ῆοῖ
370 2410 623 2506 φαινομένῃφά.
660 2421 716 2485 καὶ
738 2416 890 2484 πιθανόν
913 2417 1019 2485 ἐδόκει
1026 2470 1035 2500 ,
1059 2416 1116 2486 διὰ
1138 2417 1198 2506 τῆν

48 2517 200 2606 ἑωθινὴν
222 2513 311 2606 ὥραν
333 2515 469 2605 άριστον
491 2512 694 2603 ὠνομάσθαι
714 2519 872 2606 καθάπερ
894 2518 931 2587 τό
957 2514 1071 2607 αόριον
1094 2523 1161 2588 κτλ.
1220 2535 1249 2585 11)

137 2623 276 2690 Athon.
292 2623 321 2689 V
338 2627 418 2689 193⁸
433 2617 548 2700 όσάκις
564 2621 668 2688 δὲκαὶ
685 2620 814 2711 τροφὰς
828 2621 1022 2707 ἐλάμβανον,
1038 2623 1199 2712 προειρῆ-

46 2747 153 2807 καμεν
169 2717 230 2810 ῆδη
246 2716 299 2790 ότι
323 2721 362 2810 δὴ
385 2735 473 2805 τρεῖς
494 2707 589 2809 ῆσαν.
621 2726 746 2809 χελοῑοι
767 2723 829 2811 γάρ
852 2723 937 2791 εἰσιν
960 2726 993 2792 οἱ
1016 2725 1199 2814 φάσκοντες

47 2819 106 2892 ότι
120 2827 176 2891 καὶ
191 2829 355 2910 τέσσαρας
377 2822 671 2908 ἔλάμβανον,·ἒπεὶ
693 2822 710 2892 ό
734 2825 876 2915 ποιητὴς
899 2826 962 2914 ἐ’φη
986 2832 1016 2912 (ρ
1032 2832 1124 2906 5911)·
1144 2824 1198 2894 ’σὺ

49 2920 85 2990 δ’
109 2924 201 3012 ἔρχεο
225 2919 436 3012 δειελιήσας,
461 2919 498 2990 οὗ
522 2928 673 3003 νοοῦντες
694 2920 748 2992 ότι
770 2929 858 3012 λέχει
879 2928 936 2993 τόν
959 2926 1102 2994 δειλινὸν
1125 2927 1199 2994 δια·

48 3033 182 3113 τρίψας
197 3027 326 3113 χρόνον.
363 3019 453 3110 ὅμως
476 3025 512 3091 δὲ
535 3019 644 3103 οὐδεὶς
672 3026 774 3105 δείξει
796 3026 889 3112 παρὰ
910 3031 959 3112 τῷ
980 3031 1105 3114 ποιητῇ
1126 3035 1199 3113 τρίς
1221 3043 1249 3092 25

48 3155 128 3195 τινα
151 3127 361 3214 λαμβάνοντα
382 3125 511 3215 τροφὰς
539 3125 595 3194 διδ
617 3125 655 3194 τό
678 3126 715 3194 τὸ
741 3122 821 3194 αὐτό
850 3153 934 3195 ποτε
962 3128 1021 3212 μὲν
1052 3123 1197 3215 άριστον,

51 3229 138 3296 ποτὲ
161 3230 197 3297 δὲ
220 3230 356 3298 δεῖπνον
378 3222 616 3312 ὀνομάζεσθαι.

139 3432 285 3486 Δεσυοαεε
314 3436 411 3500 tosqq.
439 3431 536 3499 Gorp.
558 3431 681 3500 peria:
708 3432 875 3502 Porphyr.
898 3433 934 3488 ad
953 3436 1036 3498 653,
1063 3432 1197 3488 scholia

52 3517 120 3572 Vsu.
134 3517 232 3571 sets
250 3516 286 3570 ad
303 3518 396 3580 3381,
420 3515 580 3570 Eustath.
598 3516 634 3570 ad
650 3517 702 3570 loc.
720 3532 747 3584 p.
759 3519 926 3586 24²‚17sqq.

141 3606 240 3670 tbsqq.
267 3600 497 3654 Aristarchus
514 3601 560 3666 (1),
587 3600 623 3656 ci.
645 3601 834 3655 Aristonis.
859 3601 900 3656 sd.
919 3601 1049 3656 Oaruuth.
1071 3601 1107 3656 sd
1124 3607 1141 3658 ό
1156 3606 1197 3667 61,

52 3703 79 3756 Ρ.
93 3690 126 3741 41
140 3690 239 3839 δόόσῆ.
266 3767 486 3823 Aristarchus
504 3768 539 3822 ad
557 3774 645 3841 (³599-

53 3885 255 3894 ———

140 3960 173 4010 16
190 3955 281 4011 Verba
298 3949 342 4011 διὰ
360 3975 395 4011 το
409 3949 443 4011 τὸ
457 3947 528 4010 αότό
540 3973 613 4010 ποτε
629 3958 689 4010 κτλ.
708 3953 808 4008 tradita
824 3961 899 4023 post:
919 3945 964 4014 ότι
983 3961 1014 4028 δη
1032 3967 1109 4032 τρεῖς
1125 3949 1199 4031 ἦσαν

53 4047 87 4110 (v.
101 4046 146 4107 22)
163 4039 333 4109 transposuit
349 4037 627 4108 Schweighaeussrus.
