3008 4734
304 282 365 342 124
747 285 883 342 Robertus
902 285 1002 341 Weber

301 463 407 524 autem
422 459 527 541 ipsum
541 459 715 525 Homerum
731 460 828 526 etiam
849 460 1025 526 contrariae
1047 460 1094 525 rei
1115 460 1197 525 bcne
1219 479 1352 542 gnarum
1373 479 1440 525 csse

302 559 479 625 ostenditur
501 563 545 644 (p.
562 564 682 645 8sqq.).
717 561 916 645 Quamquam
931 567 1037 627 autem
1051 562 1094 628 ad
1109 563 1251 644 singulas
1266 581 1318 628 res
1332 563 1440 628 melius
1482 565 1483 586 l

188 661 190 666 ’
302 663 516 746 illustrandas,
541 683 612 729 cum
634 666 786 744 materiae
807 665 926 746 largior
941 663 1012 729 lons
1033 664 1125 730 nobis
1147 663 1284 746 fluxerit,
1307 662 1360 729 hic
1378 665 1441 728 illic

303 766 429 848 singula
460 765 559 830 multa
587 766 794 848 inpromptu
822 764 992 848 habemus,
1025 771 1131 831 tamar
1158 784 1199 831 ne
1227 771 1301 832 acta
1329 765 1441 848 agendi

302 868 453 950 probrum
475 866 656 948 subeamus,
679 867 828 948 graviora
845 871 967 931 tautum
983 885 1065 949 quac
1081 867 1278 932 commisisse
1293 867 1346 932 vcl
1368 867 1441 932 omi·

303 969 384 1035 sisse
405 968 553 1034 videatur
574 967 694 1034 sodalis
716 967 929 1051 Gryphiensis
952 967 1129 1034 correxisse
1151 968 1229 1033 satis
1250 965 1411 1034 habemus.

389 1069 524 1136 Omnino
546 1067 628 1133 nihil
650 1069 748 1134 evicit
768 1068 929 1135 Brunlrius
950 1069 992 1134 dc
1015 1069 1118 1134 libelli
1139 1073 1253 1134 natura
1274 1074 1307 1134 ct
1328 1069 1442 1150 indole,
1484 1121 1485 1126 1

303 1170 384 1236 nihil
406 1159 446 1236 de
469 1170 624 1252 fontibus,
654 1169 688 1234 id
719 1170 805 1252 quod
826 1170 919 1236 nobis
947 1189 1025 1253 prae
1048 1171 1161 1236 ceteris
1190 1170 1318 1235 videtur
1345 1172 1442 1252 inqui·

303 1273 418 1338 sitione
440 1271 582 1354 dignum.
619 1271 691 1336 Huc
713 1272 849 1353 primum
870 1271 999 1354 quidem
1022 1269 1138 1353 pedem
1160 1271 1335 1337 inferimus.
1370 1271 1444 1334 Tria

304 1373 389 1437 enim
417 1372 458 1437 dc
481 1371 532 1438 his
553 1372 656 1437 libelli
678 1372 836 1455 partibus,
867 1391 945 1454 quas
969 1370 1103 1436 Rrunlrii
1132 1372 1360 1453 scriptiuncula
1383 1373 1443 1437 nisi
1485 1387 1486 1418 ³

303 1493 387 1540 nunc
409 1479 496 1539 certo
519 1473 702 1539 Dioscuridi
732 1473 872 1539 tribuere
893 1474 984 1555 licet,
1014 1491 1072 1538 nos
1095 1473 1354 1556 comprobaturus
1376 1492 1443 1539 esse

304 1576 510 1676 pollicemur:
896 1585 902 1596 ·

391 1680 418 1740 1.
442 1675 642 1740 Uberrimam
662 1676 762 1741 latere
776 1674 1127 1741 Aristarchcurum
1150 1678 1442 1742 commentariorum

306 1777 496 1858 doctrinam3

389 1882 418 1942 2.
448 1877 678 1942 Stoicarum
706 1876 837 1943 Homeri
869 1877 1164 1960 interpretationum
1195 1882 1283 1942 certa
1314 1875 1442 1958 reperiri

303 1980 456 2062 vestigia3

390 2083 418 2145 3.
448 2080 817 2162 Peripateticorum
845 2079 1037 2145 solutionum
1066 2079 1146 2144 illud
1177 2097 1291 2162 corpus
1320 2075 1443 2144 abunde

305 2182 484 2248 adhibitum
510 2199 597 2262 esse,
632 2180 718 2263 quod
746 2180 907 2247 detexisse
936 2179 1107 2246 Schradcri
1136 2181 1283 2245 meritum
1312 2186 1361 2245 est
1387 2180 1408 2242 l.
1423 2178 1442 2240 l.
1488 2193 1489 2222 l

304 2304 336 2367 p.
353 2287 491 2365 421sqq.

390 2383 569 2466 Omnigena
582 2389 726 2448 veterum
740 2383 911 2448 Homerica
925 2383 1032 2448 studia
1050 2402 1121 2448 cum
1143 2383 1190 2448 sic
1212 2377 1442 2464 quodammodo

305 2483 555 2568 comprehendat
573 2482 773 2548 Dioscuridis
795 2483 933 2566 libellus,
956 2503 991 2549 re
1005 2502 1084 2550 vera
1105 2485 1219 2549 altiore
1241 2483 1442 2566 indagatione

305 2587 391 2652 haud
413 2585 564 2666 indignus
586 2589 643 2649 est.

778 2737 979 2747 ———.

788 2921 912 2997 Carnu
939 2923 967 2997 I.

388 3091 631 3159 Aristarcho
658 3099 764 3159 aetate
787 3093 966 3157 inferiorem
991 3111 1062 3157 esse
1084 3089 1177 3156 huius
1199 3090 1278 3174 περὶ
1300 3091 1361 3153 τοῦ
1381 3090 1442 3152 τῶν

303 3177 420 3280 pocius
441 3185 524 3256 καθ’
541 3184 687 3277 Ὅμηρον
707 3196 784 3274 βίου
809 3193 912 3256 libelli
934 3198 1095 3258 auctorem
1117 3192 1178 3258 sibi
1201 3192 1338 3257 evicisse
1360 3191 1442 3255 visus

305 3304 354 3364 est
374 3294 535 3360 Brunkins
557 3314 588 3377 p.
602 3296 652 3357 30.
686 3291 910 3358 Aristarchcae
932 3299 1039 3357 autem
1060 3292 1224 3358 doctrinae
1240 3297 1391 3374 quantum
1412 3291 1442 3353 in

218 3405 220 3408 ’
305 3399 487 3478 comesset,
510 3396 607 3478 plane
622 3414 685 3458 uon
700 3393 791 3457 vidit.
829 3394 962 3459 Duobus
984 3394 1064 3459 locis
1086 3393 1192 3459 allatis
1208 3400 1373 3459 contentus
1389 3397 1441 3456 cst.

304 3497 389 3575 Quin
404 3499 501 3563 immo
516 3501 638 3561 tantum
660 3513 723 3558 non
745 3495 778 3558 in
800 3495 934 3577 singulis
956 3495 1113 3576 capitibus
1135 3495 1196 3556 τοῦ
1213 3515 1442 3578 γραμματικω-

304 3595 404 3660 τάτου
435 3598 572 3680 vestigia
604 3596 812 3679 reperiuntur.
863 3595 946 3660 Nam
974 3595 1188 3660 Aristonicum
1220 3602 1293 3678 post
1321 3593 1442 3661 Lehrsii

305 3699 452 3780 egregias
475 3717 566 3762 curas
589 3697 681 3762 uobis
704 3697 795 3778 quasi
818 3698 919 3781 ipsius
942 3715 1012 3762 esse
1034 3697 1133 3761 instar
1155 3695 1332 3762 Aristarchi
1354 3695 1442 3761 latuit

304 3800 406 3864 virum
423 3796 561 3862 doctum.
596 3797 693 3863 (luins
706 3791 756 3862 'rei
774 3799 820 3863 ita
834 3817 897 3861 uon
913 3796 1025 3862 habuit
1039 3797 1203 3880 rationem,
1225 3802 1260 3861 ut
1275 3795 1441 3863 Aristonici

305 3898 429 3966 scholia
450 3897 493 3962 ad
507 3903 540 3960 A
554 3901 616 3962 262
633 3905 665 3964 ct
679 3902 716 3962 ll
730 3902 790 3962 747
814 3919 856 3963 cx
877 3900 947 3980 ipso
963 3896 1162 3964 Dioscuridis
1185 3897 1295 3964 libello
1317 3897 1441 3963 fluxisse

306 4001 510 4070 contenderet
533 4001 574 4082 (p.
592 4003 610 4062 7
627 4005 659 4064 et
673 4001 735 4076 22).
769 3998 859 4077 Quae
882 4019 953 4064 cum
976 3999 1021 4062 itu
1042 3999 1114 4082 sint,
1136 4019 1200 4064 non
1221 4019 1243 4064 a
1263 4018 1298 4064 rc
1321 3997 1442 4063 videtur
