<?xml version="1.0" encoding="UTF-8"?>
<!DOCTYPE html PUBLIC "-//W3C//DTD XHTML 1.0 Transitional//EN"
    "http://www.w3.org/TR/xhtml1/DTD/xhtml1-transitional.dtd">
<html xmlns="http://www.w3.org/1999/xhtml" xml:lang="en" lang="en">
 <head>
  <title>
</title>
<meta http-equiv="Content-Type" content="text/html;charset=utf-8" />
  <meta name='ocr-system' content='tesseract 3.04.00' />
  <meta name='ocr-capabilities' content='ocr_page ocr_carea ocr_par ocr_line ocrx_word'/>
</head>
<body>
  <div class='ocr_page' id='page_1' title='image "./dedioscuridispe00webegoog_0021.png"; bbox 0 0 3008 4734; ppageno 0'>
   <div class='ocr_carea' id='block_1_1' title="bbox 168 3986 175 4098">
    <p class='ocr_par' dir='ltr' id='par_1_1' title="bbox 168 3972 175 4098">
     <span class='ocr_line' id='line_1_1' title="bbox 168 3986 175 4098; baseline 0 0"><span class='ocrx_word' id='word_1_1' title='bbox 168 3986 175 4098; x_wconf 78' lang='grc' dir='ltr'><em>λ</em></span> 
     </span>
    </p>
   </div>
   <div class='ocr_carea' id='block_1_2' title="bbox 305 257 1204 362">
    <p class='ocr_par' dir='ltr' id='par_1_2' title="bbox 305 257 1204 362">
     <span class='ocr_line' id='line_1_2' title="bbox 305 257 1204 362; baseline 0.003 -10"><span class='ocrx_word' id='word_1_2' title='bbox 305 304 344 362; x_wconf 84' lang='grc'><em>98</em></span> <span class='ocrx_word' id='word_1_3' title='bbox 750 301 887 356; x_wconf 75' lang='lat' dir='ltr'><strong>Robertus</strong></span> <span class='ocrx_word' id='word_1_4' title='bbox 903 301 1006 355; x_wconf 81' lang='lat' dir='ltr'>Weber</span> <span class='ocrx_word' id='word_1_5' title='bbox 1097 357 1098 362; x_wconf 58' lang='grc'><em>,</em></span> <span class='ocrx_word' id='word_1_6' title='bbox 1202 257 1204 268; x_wconf 21' lang='lat' dir='ltr'>v</span> 
     </span>
    </p>
   </div>
   <div class='ocr_carea' id='block_1_3' title="bbox 254 460 1490 2470">
    <p class='ocr_par' dir='ltr' id='par_1_3' title="bbox 254 460 1490 2470">
     <span class='ocr_line' id='line_1_3' title="bbox 304 460 1457 557; baseline -0.008 -18"><span class='ocrx_word' id='word_1_7' title='bbox 304 473 582 557; x_wconf 76' lang='grc' dir='ltr'><strong><em>ἐπιμελουμένους</em></strong></span> <span class='ocrx_word' id='word_1_8' title='bbox 605 470 641 536; x_wconf 81' lang='grc' dir='ltr'><em>δὲ</em></span> <span class='ocrx_word' id='word_1_9' title='bbox 664 463 783 547; x_wconf 82' lang='grc' dir='ltr'><em>αύτούς</em></span> <span class='ocrx_word' id='word_1_10' title='bbox 806 468 931 555; x_wconf 76' lang='grc' dir='ltr'><em>εἰσάγει</em></span> <span class='ocrx_word' id='word_1_11' title='bbox 952 471 1007 535; x_wconf 85' lang='grc' dir='ltr'><em>καί</em></span> <span class='ocrx_word' id='word_1_12' title='bbox 1026 470 1093 533; x_wconf 91' lang='grc' dir='ltr'><em>τῶν</em></span> <span class='ocrx_word' id='word_1_13' title='bbox 1109 460 1297 553; x_wconf 76' lang='grc' dir='ltr'><em>ἀκροδρύων</em></span> <span class='ocrx_word' id='word_1_14' title='bbox 1313 471 1344 553; x_wconf 87' lang='grc' dir='ltr'><em>(η</em></span> <span class='ocrx_word' id='word_1_15' title='bbox 1362 469 1457 543; x_wconf 83' lang='grc'>120)·</span> 
     </span>
     <span class='ocr_line' id='line_1_4' title="bbox 301 563 1457 661; baseline -0.009 -19"><span class='ocrx_word' id='word_1_16' title='bbox 301 569 412 661; x_wconf 70' lang='grc' dir='ltr'><em>’ὄγχνη</em></span> <span class='ocrx_word' id='word_1_17' title='bbox 434 572 497 659; x_wconf 85' lang='grc' dir='ltr'><em>γάρ</em></span> <span class='ocrx_word' id='word_1_18' title='bbox 520 565 578 638; x_wconf 77' lang='grc' dir='ltr'><em>ἐπ&gt;</em></span> <span class='ocrx_word' id='word_1_19' title='bbox 596 566 692 658; x_wconf 79' lang='grc' dir='ltr'><em>ὄγχνῃ</em></span> <span class='ocrx_word' id='word_1_20' title='bbox 716 597 783 636; x_wconf 91' lang='grc' dir='ltr'><em>που</em></span> <span class='ocrx_word' id='word_1_21' title='bbox 805 571 970 659; x_wconf 78' lang='grc' dir='ltr'><em>γηράσκει,</em></span> <span class='ocrx_word' id='word_1_22' title='bbox 994 573 1091 635; x_wconf 80' lang='grc' dir='ltr'><em>σῦκον</em></span> <span class='ocrx_word' id='word_1_23' title='bbox 1114 563 1146 633; x_wconf 76' lang='grc' dir='ltr'><em>δ’</em></span> <span class='ocrx_word' id='word_1_24' title='bbox 1165 567 1223 634; x_wconf 84' lang='grc' dir='ltr'><em>ε’πὶ</em></span> <span class='ocrx_word' id='word_1_25' title='bbox 1246 563 1363 654; x_wconf 65' lang='grc' dir='ltr'><em>σύκηέ.</em></span> <span class='ocrx_word' id='word_1_26' title='bbox 1403 564 1457 633; x_wconf 86' lang='grc' dir='ltr'><em>διδ</em></span> 
     </span>
     <span class='ocr_line' id='line_1_5' title="bbox 303 669 1459 761; baseline -0.007 -21"><span class='ocrx_word' id='word_1_27' title='bbox 303 678 360 742; x_wconf 86' lang='grc' dir='ltr'><em>καὶ</em></span> <span class='ocrx_word' id='word_1_28' title='bbox 374 678 441 741; x_wconf 89' lang='grc' dir='ltr'><em>τῶν</em></span> <span class='ocrx_word' id='word_1_29' title='bbox 453 674 596 761; x_wconf 77' lang='grc' dir='ltr'><em>δένδρων</em></span> <span class='ocrx_word' id='word_1_30' title='bbox 610 671 652 738; x_wconf 84' lang='grc' dir='ltr'><em>τά</em></span> <span class='ocrx_word' id='word_1_31' title='bbox 667 672 727 756; x_wconf 78' lang='grc' dir='ltr'><em>μὲν</em></span> <span class='ocrx_word' id='word_1_32' title='bbox 741 671 943 760; x_wconf 79' lang='grc' dir='ltr'><em>καρποφόρα</em></span> <span class='ocrx_word' id='word_1_33' title='bbox 957 669 1042 736; x_wconf 83' lang='grc' dir='ltr'><em>καλὰ</em></span> <span class='ocrx_word' id='word_1_34' title='bbox 1058 669 1298 756; x_wconf 79' lang='grc' dir='ltr'><em>προσαγορεύει</em></span> <span class='ocrx_word' id='word_1_35' title='bbox 1315 675 1346 756; x_wconf 88' lang='grc' dir='ltr'><em>(η</em></span> <span class='ocrx_word' id='word_1_36' title='bbox 1365 675 1459 745; x_wconf 83' lang='grc'>114)’</span> 
     </span>
     <span class='ocr_line' id='line_1_6' title="bbox 300 764 1459 861; baseline -0.006 -20"><span class='ocrx_word' id='word_1_37' title='bbox 300 772 400 842; x_wconf 67' lang='grc' dir='ltr'><em>’ἔνθα</em></span> <span class='ocrx_word' id='word_1_38' title='bbox 423 775 558 860; x_wconf 90' lang='grc' dir='ltr'><em>δένδρεα</em></span> <span class='ocrx_word' id='word_1_39' title='bbox 580 773 663 840; x_wconf 87' lang='grc' dir='ltr'><em>καλὰ</em></span> <span class='ocrx_word' id='word_1_40' title='bbox 686 772 844 861; x_wconf 81' lang='grc' dir='ltr'><em>πεφύκει,</em></span> <span class='ocrx_word' id='word_1_41' title='bbox 874 768 986 858; x_wconf 79' lang='grc' dir='ltr'><em>ὄγχναι</em></span> <span class='ocrx_word' id='word_1_42' title='bbox 1014 774 1071 838; x_wconf 87' lang='grc' dir='ltr'><em>καὶ</em></span> <span class='ocrx_word' id='word_1_43' title='bbox 1099 772 1190 858; x_wconf 81' lang='grc' dir='ltr'><em>ῥοιαὶ</em></span> <span class='ocrx_word' id='word_1_44' title='bbox 1218 773 1272 837; x_wconf 82' lang='grc' dir='ltr'><em>καὶ</em></span> <span class='ocrx_word' id='word_1_45' title='bbox 1301 764 1459 857; x_wconf 71' lang='grc' dir='ltr'><em>μηλέαί.</em></span> 
     </span>
     <span class='ocr_line' id='line_1_7' title="bbox 266 869 1462 960; baseline -0.003 -20"><span class='ocrx_word' id='word_1_46' title='bbox 266 876 344 942; x_wconf 72' lang='grc' dir='ltr'><em>στὰ</em></span> <span class='ocrx_word' id='word_1_47' title='bbox 367 870 400 941; x_wconf 76' lang='grc' dir='ltr'><em>δ’</em></span> <span class='ocrx_word' id='word_1_48' title='bbox 425 875 474 953; x_wconf 88' lang='grc' dir='ltr'><em>εἰς</em></span> <span class='ocrx_word' id='word_1_49' title='bbox 497 875 627 954; x_wconf 88' lang='grc' dir='ltr'><em>ξυλείαν</em></span> <span class='ocrx_word' id='word_1_50' title='bbox 650 869 774 940; x_wconf 80' lang='grc' dir='ltr'><em>εάθετα</em></span> <span class='ocrx_word' id='word_1_51' title='bbox 795 874 920 960; x_wconf 89' lang='grc' dir='ltr'><em>μακρά,</em></span> <span class='ocrx_word' id='word_1_52' title='bbox 946 887 1018 952; x_wconf 89' lang='grc' dir='ltr'><em>τοῖς</em></span> <span class='ocrx_word' id='word_1_53' title='bbox 1040 873 1215 951; x_wconf 76' lang='grc' dir='ltr'><em>ἐπιθέτοις</em></span> <span class='ocrx_word' id='word_1_54' title='bbox 1236 871 1297 950; x_wconf 83' lang='grc' dir='ltr'><em>τὰς</em></span> <span class='ocrx_word' id='word_1_55' title='bbox 1315 871 1462 958; x_wconf 85' lang='grc' dir='ltr'><em>χρήσεις</em></span> 
     </span>
     <span class='ocr_line' id='line_1_8' title="bbox 304 979 523 1046; baseline 0.005 -3"><span class='ocrx_word' id='word_1_56' title='bbox 304 979 523 1046; x_wconf 79' lang='grc' dir='ltr'><em>διαστέλλων·</em></span> 
     </span>
     <span class='ocr_line' id='line_1_9' title="bbox 659 1057 1208 1146; baseline -0.002 -22"><span class='ocrx_word' id='word_1_57' title='bbox 659 1058 745 1125; x_wconf 74' lang='grc' dir='ltr'><em>ἔνθα</em></span> <span class='ocrx_word' id='word_1_58' title='bbox 767 1058 903 1146; x_wconf 91' lang='grc' dir='ltr'><em>δένδρεα</em></span> <span class='ocrx_word' id='word_1_59' title='bbox 923 1057 1033 1144; x_wconf 84' lang='grc' dir='ltr'><em>μακρὰ</em></span> <span class='ocrx_word' id='word_1_60' title='bbox 1056 1057 1208 1146; x_wconf 82' lang='grc' dir='ltr'><em>πεφύκει,</em></span> 
     </span>
     <span class='ocr_line' id='line_1_10' title="bbox 367 1147 1489 1252; baseline 0 -24"><span class='ocrx_word' id='word_1_61' title='bbox 367 1163 495 1250; x_wconf 91' lang='grc' dir='ltr'><em>κλήθρη</em></span> <span class='ocrx_word' id='word_1_62' title='bbox 514 1155 546 1227; x_wconf 76' lang='grc' dir='ltr'><em>τ’</em></span> <span class='ocrx_word' id='word_1_63' title='bbox 566 1160 710 1245; x_wconf 84' lang='grc' dir='ltr'><em>αἰγειράς</em></span> <span class='ocrx_word' id='word_1_64' title='bbox 731 1154 763 1224; x_wconf 80' lang='grc' dir='ltr'><em>τ’</em></span> <span class='ocrx_word' id='word_1_65' title='bbox 783 1159 880 1248; x_wconf 84' lang='grc' dir='ltr'><em>ἰλάτη</em></span> <span class='ocrx_word' id='word_1_66' title='bbox 903 1155 934 1224; x_wconf 79' lang='grc' dir='ltr'><em>τ’</em></span> <span class='ocrx_word' id='word_1_67' title='bbox 956 1147 995 1246; x_wconf 76' lang='grc' dir='ltr'><em>ἦν</em></span> <span class='ocrx_word' id='word_1_68' title='bbox 1018 1154 1243 1247; x_wconf 79' lang='grc' dir='ltr'><em>οἰρανομήκης</em></span> <span class='ocrx_word' id='word_1_69' title='bbox 1265 1165 1293 1240; x_wconf 89' lang='grc' dir='ltr'><em>(ε</em></span> <span class='ocrx_word' id='word_1_70' title='bbox 1308 1164 1460 1245; x_wconf 80' lang='lat' dir='ltr'>238sq.).</span> <span class='ocrx_word' id='word_1_71' title='bbox 1488 1244 1489 1252; x_wconf 13' lang='grc' dir='ltr'><em>ρ</em></span> 
     </span>
     <span class='ocr_line' id='line_1_11' title="bbox 305 1256 1489 1359; baseline -0.003 -21"><span class='ocrx_word' id='word_1_72' title='bbox 305 1268 502 1359; x_wconf 88' lang='grc' dir='ltr'><em>ἀρχαιοτέρα</em></span> <span class='ocrx_word' id='word_1_73' title='bbox 531 1263 563 1335; x_wconf 78' lang='grc' dir='ltr'><em>δ’</em></span> <span class='ocrx_word' id='word_1_74' title='bbox 588 1256 629 1356; x_wconf 84' lang='grc' dir='ltr'><em>ήν</em></span> <span class='ocrx_word' id='word_1_75' title='bbox 650 1272 706 1335; x_wconf 86' lang='grc' dir='ltr'><em>καί</em></span> <span class='ocrx_word' id='word_1_76' title='bbox 731 1274 797 1337; x_wconf 92' lang='grc' dir='ltr'><em>τῶν</em></span> <span class='ocrx_word' id='word_1_77' title='bbox 824 1273 980 1356; x_wconf 79' lang='grc' dir='ltr'><em>Τρωικῶν</em></span> <span class='ocrx_word' id='word_1_78' title='bbox 1002 1263 1022 1355; x_wconf 70' lang='grc' dir='ltr'><em>ά,</em></span> <span class='ocrx_word' id='word_1_79' title='bbox 1045 1271 1171 1334; x_wconf 78' lang='grc' dir='ltr'><em>τούτων</em></span> <span class='ocrx_word' id='word_1_80' title='bbox 1197 1272 1323 1355; x_wconf 81' lang='grc' dir='ltr'><em>χρῆσις.</em></span> <span class='ocrx_word' id='word_1_81' title='bbox 1365 1269 1462 1336; x_wconf 88' lang='grc' dir='ltr'><em>Τάν-</em></span> <span class='ocrx_word' id='word_1_82' title='bbox 1488 1271 1489 1280; x_wconf 70' lang='grc'>’</span> 
     </span>
     <span class='ocr_line' id='line_1_12' title="bbox 254 1365 1462 1458; baseline 0 -22"><span class='ocrx_word' id='word_1_83' title='bbox 254 1388 283 1436; x_wconf 88' lang='lat'><em>1⁰</em></span> <span class='ocrx_word' id='word_1_84' title='bbox 304 1375 405 1450; x_wconf 92' lang='grc' dir='ltr'><em>ταλος</em></span> <span class='ocrx_word' id='word_1_85' title='bbox 426 1377 503 1458; x_wconf 80' lang='grc' dir='ltr'><em>γοῦν</em></span> <span class='ocrx_word' id='word_1_86' title='bbox 526 1366 602 1438; x_wconf 81' lang='grc' dir='ltr'><em>ούδὲ</em></span> <span class='ocrx_word' id='word_1_87' title='bbox 623 1369 740 1436; x_wconf 89' lang='grc' dir='ltr'><em>θανῶν</em></span> <span class='ocrx_word' id='word_1_88' title='bbox 764 1365 1013 1438; x_wconf 81' lang='grc' dir='ltr'><em>ἀπαλλάττεται</em></span> <span class='ocrx_word' id='word_1_89' title='bbox 1032 1374 1092 1457; x_wconf 81' lang='grc' dir='ltr'><em>τῆς</em></span> <span class='ocrx_word' id='word_1_90' title='bbox 1113 1370 1240 1436; x_wconf 91' lang='grc' dir='ltr'><em>τούτων</em></span> <span class='ocrx_word' id='word_1_91' title='bbox 1262 1369 1462 1455; x_wconf 77' lang='grc' dir='ltr'><em>ἐπιθυμίας</em></span> 
     </span>
     <span class='ocr_line' id='line_1_13' title="bbox 306 1469 1461 1561; baseline -0.001 -22"><span class='ocrx_word' id='word_1_92' title='bbox 306 1477 336 1554; x_wconf 87' lang='grc' dir='ltr'><em>(λ</em></span> <span class='ocrx_word' id='word_1_93' title='bbox 352 1479 413 1541; x_wconf 83' lang='grc'><em>588</em></span> <span class='ocrx_word' id='word_1_94' title='bbox 425 1479 522 1560; x_wconf 83' lang='lat' dir='ltr'><strong>sqq.)·</strong></span> <span class='ocrx_word' id='word_1_95' title='bbox 546 1472 642 1561; x_wconf 82' lang='grc' dir='ltr'><em>εἰπερ</em></span> <span class='ocrx_word' id='word_1_96' title='bbox 664 1469 682 1539; x_wconf 87' lang='grc' dir='ltr'><em>ύ</em></span> <span class='ocrx_word' id='word_1_97' title='bbox 705 1472 853 1552; x_wconf 88' lang='grc' dir='ltr'><em>κολάζων</em></span> <span class='ocrx_word' id='word_1_98' title='bbox 874 1469 973 1539; x_wconf 82' lang='grc' dir='ltr'><em>αἰτδν</em></span> <span class='ocrx_word' id='word_1_99' title='bbox 987 1469 1071 1550; x_wconf 86' lang='grc' dir='ltr'><em>θεὸς</em></span> <span class='ocrx_word' id='word_1_100' title='bbox 1093 1477 1270 1558; x_wconf 82' lang='grc' dir='ltr'><em>προσείων,</em></span> <span class='ocrx_word' id='word_1_101' title='bbox 1292 1472 1461 1558; x_wconf 87' lang='grc' dir='ltr'><em>καθάπερ</em></span> 
     </span>
     <span class='ocr_line' id='line_1_14' title="bbox 306 1568 1462 1660; baseline 0 -19"><span class='ocrx_word' id='word_1_102' title='bbox 306 1576 338 1641; x_wconf 82' lang='grc' dir='ltr'><em>οἰ</em></span> <span class='ocrx_word' id='word_1_103' title='bbox 360 1573 402 1640; x_wconf 86' lang='grc' dir='ltr'><em>τά</em></span> <span class='ocrx_word' id='word_1_104' title='bbox 426 1571 530 1659; x_wconf 85' lang='grc' dir='ltr'><em>ἀλογα</em></span> <span class='ocrx_word' id='word_1_105' title='bbox 551 1578 617 1641; x_wconf 90' lang='grc' dir='ltr'><em>τῶν</em></span> <span class='ocrx_word' id='word_1_106' title='bbox 641 1574 734 1660; x_wconf 77' lang='grc' dir='ltr'><em>ζῴων</em></span> <span class='ocrx_word' id='word_1_107' title='bbox 755 1588 826 1652; x_wconf 87' lang='grc' dir='ltr'><em>τοῖς</em></span> <span class='ocrx_word' id='word_1_108' title='bbox 847 1575 990 1652; x_wconf 86' lang='grc' dir='ltr'><em>θαλλοῖς</em></span> <span class='ocrx_word' id='word_1_109' title='bbox 1013 1568 1155 1659; x_wconf 83' lang='grc' dir='ltr'><em>ἀγοντες,</em></span> <span class='ocrx_word' id='word_1_110' title='bbox 1181 1571 1259 1651; x_wconf 84' lang='grc' dir='ltr'><em>τοὺς</em></span> <span class='ocrx_word' id='word_1_111' title='bbox 1280 1573 1462 1652; x_wconf 87' lang='grc' dir='ltr'><em>τοιούτους</em></span> 
     </span>
     <span class='ocr_line' id='line_1_15' title="bbox 304 1668 1461 1764; baseline -0.001 -21"><span class='ocrx_word' id='word_1_112' title='bbox 304 1675 453 1764; x_wconf 83' lang='grc' dir='ltr'><em>καρπούς</em></span> <span class='ocrx_word' id='word_1_113' title='bbox 476 1670 699 1759; x_wconf 86' lang='grc' dir='ltr'><em>ἀποκρούεται</em></span> <span class='ocrx_word' id='word_1_114' title='bbox 722 1669 822 1742; x_wconf 87' lang='grc' dir='ltr'><em>αύτδν</em></span> <span class='ocrx_word' id='word_1_115' title='bbox 842 1679 902 1762; x_wconf 88' lang='grc' dir='ltr'><em>τής</em></span> <span class='ocrx_word' id='word_1_116' title='bbox 927 1669 1160 1758; x_wconf 89' lang='grc' dir='ltr'><em>ἀπολαύσεως,</em></span> <span class='ocrx_word' id='word_1_117' title='bbox 1192 1668 1249 1742; x_wconf 76' lang='grc' dir='ltr'><em>ὅτε</em></span> <span class='ocrx_word' id='word_1_118' title='bbox 1270 1679 1328 1762; x_wconf 84' lang='grc' dir='ltr'><em>τῆς</em></span> <span class='ocrx_word' id='word_1_119' title='bbox 1356 1674 1461 1742; x_wconf 78' lang='grc' dir='ltr'><em>ἐλπί-</em></span> 
     </span>
     <span class='ocr_line' id='line_1_16' title="bbox 307 1769 1490 1878; baseline 0 -34"><span class='ocrx_word' id='word_1_120' title='bbox 307 1779 364 1855; x_wconf 92' lang='grc' dir='ltr'><em>δος</em></span> <span class='ocrx_word' id='word_1_121' title='bbox 386 1777 478 1864; x_wconf 84' lang='grc' dir='ltr'><em>έγγύς</em></span> <span class='ocrx_word' id='word_1_122' title='bbox 500 1777 607 1843; x_wconf 79' lang='grc' dir='ltr'><em>ἰλθοι.</em></span> <span class='ocrx_word' id='word_1_123' title='bbox 641 1779 698 1842; x_wconf 91' lang='grc' dir='ltr'><em>καὶ</em></span> <span class='ocrx_word' id='word_1_124' title='bbox 711 1781 870 1865; x_wconf 84' lang='grc' dir='ltr'><em>Λαέρτην</em></span> <span class='ocrx_word' id='word_1_125' title='bbox 890 1769 921 1841; x_wconf 77' lang='grc' dir='ltr'><em>δ’</em></span> <span class='ocrx_word' id='word_1_126' title='bbox 943 1770 1121 1855; x_wconf 85' lang='grc' dir='ltr'><em>Ὀδυσσεύς</em></span> <span class='ocrx_word' id='word_1_127' title='bbox 1144 1771 1386 1864; x_wconf 88' lang='grc' dir='ltr'><em>ἀναμιμνήσκει</em></span> <span class='ocrx_word' id='word_1_128' title='bbox 1409 1771 1462 1844; x_wconf 85' lang='grc' dir='ltr'><em>ῶν</em></span> <span class='ocrx_word' id='word_1_129' title='bbox 1489 1808 1490 1878; x_wconf 68' lang='grc' dir='ltr'><em>η</em></span> 
     </span>
     <span class='ocr_line' id='line_1_17' title="bbox 255 1872 1490 1964; baseline 0.004 -24"><span class='ocrx_word' id='word_1_130' title='bbox 255 1891 284 1940; x_wconf 75' lang='grc' dir='ltr'><em>1ο</em></span> <span class='ocrx_word' id='word_1_131' title='bbox 307 1878 427 1945; x_wconf 78' lang='grc' dir='ltr'><em>ἰδωκεν</em></span> <span class='ocrx_word' id='word_1_132' title='bbox 450 1874 539 1964; x_wconf 81' lang='grc' dir='ltr'><em>αύτῶ</em></span> <span class='ocrx_word' id='word_1_133' title='bbox 555 1879 656 1944; x_wconf 90' lang='grc' dir='ltr'><em>παιδί</em></span> <span class='ocrx_word' id='word_1_134' title='bbox 678 1872 750 1944; x_wconf 83' lang='grc' dir='ltr'><em>ἀντι</em></span> <span class='ocrx_word' id='word_1_135' title='bbox 773 1884 812 1959; x_wconf 88' lang='grc' dir='ltr'><em>(ω</em></span> <span class='ocrx_word' id='word_1_136' title='bbox 828 1881 918 1958; x_wconf 85' lang='grc'>340)·</span> <span class='ocrx_word' id='word_1_137' title='bbox 938 1872 1069 1964; x_wconf 49' lang='grc' dir='ltr'><em>(ὄγχνας</em></span> <span class='ocrx_word' id='word_1_138' title='bbox 1090 1904 1149 1963; x_wconf 93' lang='grc' dir='ltr'><em>μοι</em></span> <span class='ocrx_word' id='word_1_139' title='bbox 1172 1879 1280 1956; x_wconf 83' lang='grc' dir='ltr'><em>δῶκας</em></span> <span class='ocrx_word' id='word_1_140' title='bbox 1300 1885 1462 1964; x_wconf 89' lang='grc' dir='ltr'><em>τρισκαί-</em></span> <span class='ocrx_word' id='word_1_141' title='bbox 1489 1883 1490 1962; x_wconf 51' lang='lat' dir='ltr'>f</span> 
     </span>
     <span class='ocr_line' id='line_1_18' title="bbox 307 1973 1490 2065; baseline -0.003 -19"><span class='ocrx_word' id='word_1_142' title='bbox 307 1973 396 2046; x_wconf 75' lang='grc' dir='ltr'><em>δεκα’</em></span> <span class='ocrx_word' id='word_1_143' title='bbox 421 1977 541 2046; x_wconf 86' lang='grc' dir='ltr'><em>καὶτὰ</em></span> <span class='ocrx_word' id='word_1_144' title='bbox 563 1978 647 2065; x_wconf 76' lang='grc' dir='ltr'><em>ἑξῆς.</em></span> <span class='ocrx_word' id='word_1_145' title='bbox 1489 2007 1490 2010; x_wconf 49' lang='grc'><strong>“</strong></span> 
     </span>
     <span class='ocr_line' id='line_1_19' title="bbox 389 2079 1461 2167; baseline -0.001 -18"><span class='ocrx_word' id='word_1_146' title='bbox 389 2083 533 2150; x_wconf 81' lang='lat' dir='ltr'>Athen.</span> <span class='ocrx_word' id='word_1_147' title='bbox 554 2081 649 2148; x_wconf 63' lang='lat'><em>125³</em></span> <span class='ocrx_word' id='word_1_148' title='bbox 670 2081 838 2165; x_wconf 86' lang='grc' dir='ltr'><em>παρέλιπε</em></span> <span class='ocrx_word' id='word_1_149' title='bbox 861 2079 897 2145; x_wconf 79' lang='grc' dir='ltr'><em>δέ</em></span> <span class='ocrx_word' id='word_1_150' title='bbox 917 2079 978 2166; x_wconf 84' lang='grc' dir='ltr'><em>τὴν</em></span> <span class='ocrx_word' id='word_1_151' title='bbox 996 2084 1115 2167; x_wconf 84' lang='grc' dir='ltr'><em>χρῆσιν</em></span> <span class='ocrx_word' id='word_1_152' title='bbox 1135 2085 1203 2148; x_wconf 90' lang='grc' dir='ltr'><em>τῶν</em></span> <span class='ocrx_word' id='word_1_153' title='bbox 1225 2079 1375 2163; x_wconf 85' lang='grc' dir='ltr'><em>λαχάνων</em></span> <span class='ocrx_word' id='word_1_154' title='bbox 1399 2085 1461 2148; x_wconf 89' lang='grc' dir='ltr'><em>καὶ</em></span> 
     </span>
     <span class='ocr_line' id='line_1_20' title="bbox 308 2177 1461 2268; baseline 0.001 -20"><span class='ocrx_word' id='word_1_155' title='bbox 308 2181 434 2264; x_wconf 84' lang='grc' dir='ltr'><em>ἰχθύων</em></span> <span class='ocrx_word' id='word_1_156' title='bbox 448 2185 503 2248; x_wconf 84' lang='grc' dir='ltr'><em>καί</em></span> <span class='ocrx_word' id='word_1_157' title='bbox 520 2186 586 2250; x_wconf 94' lang='grc' dir='ltr'><em>τῶν</em></span> <span class='ocrx_word' id='word_1_158' title='bbox 602 2177 750 2267; x_wconf 79' lang='grc' dir='ltr'><em>ὀρνίθων</em></span> <span class='ocrx_word' id='word_1_159' title='bbox 773 2180 829 2247; x_wconf 92' lang='grc' dir='ltr'><em>διά</em></span> <span class='ocrx_word' id='word_1_160' title='bbox 848 2205 885 2248; x_wconf 86' lang='grc' dir='ltr'><em>τε</em></span> <span class='ocrx_word' id='word_1_161' title='bbox 905 2180 965 2268; x_wconf 81' lang='grc' dir='ltr'><em>τήν</em></span> <span class='ocrx_word' id='word_1_162' title='bbox 988 2184 1130 2264; x_wconf 87' lang='grc' dir='ltr'><em>λιχνείαν</em></span> <span class='ocrx_word' id='word_1_163' title='bbox 1152 2184 1208 2249; x_wconf 84' lang='grc' dir='ltr'><em>καὶ</em></span> <span class='ocrx_word' id='word_1_164' title='bbox 1230 2187 1371 2268; x_wconf 84' lang='grc' dir='ltr'><em>προσέτι</em></span> <span class='ocrx_word' id='word_1_165' title='bbox 1395 2181 1461 2268; x_wconf 86' lang='grc' dir='ltr'><em>τὴν</em></span> 
     </span>
     <span class='ocr_line' id='line_1_21' title="bbox 308 2278 1459 2372; baseline 0.002 -24"><span class='ocrx_word' id='word_1_166' title='bbox 308 2281 342 2348; x_wconf 79' lang='grc' dir='ltr'><em>ἰν</em></span> <span class='ocrx_word' id='word_1_167' title='bbox 363 2297 437 2359; x_wconf 86' lang='grc' dir='ltr'><em>ταῖς</em></span> <span class='ocrx_word' id='word_1_168' title='bbox 459 2289 651 2362; x_wconf 87' lang='grc' dir='ltr'><em>σκευασίαις</em></span> <span class='ocrx_word' id='word_1_169' title='bbox 673 2278 872 2371; x_wconf 86' lang='grc' dir='ltr'><em>ἀπρέπειαν,</em></span> <span class='ocrx_word' id='word_1_170' title='bbox 902 2283 1027 2350; x_wconf 75' lang='grc' dir='ltr'><em>ἐλάττω</em></span> <span class='ocrx_word' id='word_1_171' title='bbox 1048 2283 1204 2370; x_wconf 88' lang='grc' dir='ltr'><em>κεκρικῶς</em></span> <span class='ocrx_word' id='word_1_172' title='bbox 1224 2280 1375 2372; x_wconf 79' lang='grc' dir='ltr'><em>ἡρωικῶν</em></span> <span class='ocrx_word' id='word_1_173' title='bbox 1399 2288 1459 2350; x_wconf 81' lang='grc' dir='ltr'><em>καὶ</em></span> 
     </span>
     <span class='ocr_line' id='line_1_22' title="bbox 256 2383 549 2470; baseline 0.01 -22"><span class='ocrx_word' id='word_1_174' title='bbox 256 2398 285 2448; x_wconf 78' lang='lat'><em>20</em></span> <span class='ocrx_word' id='word_1_175' title='bbox 308 2388 413 2451; x_wconf 84' lang='grc' dir='ltr'><em>θείων</em></span> <span class='ocrx_word' id='word_1_176' title='bbox 436 2383 549 2470; x_wconf 71' lang='grc' dir='ltr'><em>ἔργων.</em></span> 
     </span>
    </p>
   </div>
   <div class='ocr_carea' id='block_1_4' title="bbox 666 2537 1002 2616">
    <p class='ocr_par' dir='ltr' id='par_1_4' title="bbox 666 2537 1002 2616">
     <span class='ocr_line' id='line_1_23' title="bbox 666 2537 1002 2616; baseline 0 -14"><span class='ocrx_word' id='word_1_177' title='bbox 666 2595 675 2612; x_wconf 83' lang='grc'><em>,</em></span> <span class='ocrx_word' id='word_1_178' title='bbox 757 2537 835 2603; x_wconf 92' lang='lat' dir='ltr'><em>XIV</em></span> <span class='ocrx_word' id='word_1_179' title='bbox 863 2540 914 2616; x_wconf 79' lang='lat' dir='ltr'><strong>(cf.</strong></span> <span class='ocrx_word' id='word_1_180' title='bbox 937 2539 1002 2616; x_wconf 82' lang='lat' dir='ltr'><strong>IV).</strong></span> 
     </span>
    </p>
   </div>
   <div class='ocr_carea' id='block_1_5' title="bbox 257 2665 1460 3376">
    <p class='ocr_par' dir='ltr' id='par_1_5' title="bbox 257 2665 1460 3376">
     <span class='ocr_line' id='line_1_24' title="bbox 392 2665 1460 2759; baseline 0.005 -23"><span class='ocrx_word' id='word_1_181' title='bbox 392 2669 533 2736; x_wconf 77' lang='lat' dir='ltr'><strong>Athen.</strong></span> <span class='ocrx_word' id='word_1_182' title='bbox 555 2669 647 2736; x_wconf 83' lang='lat' dir='ltr'><em>117b</em></span> <span class='ocrx_word' id='word_1_183' title='bbox 674 2669 898 2758; x_wconf 88' lang='grc' dir='ltr'><em>Δυνατωτάτη</em></span> <span class='ocrx_word' id='word_1_184' title='bbox 928 2671 964 2736; x_wconf 80' lang='grc' dir='ltr'><em>δὲ</em></span> <span class='ocrx_word' id='word_1_185' title='bbox 992 2665 1074 2757; x_wconf 81' lang='grc' dir='ltr'><em>παρ’</em></span> <span class='ocrx_word' id='word_1_186' title='bbox 1097 2667 1228 2759; x_wconf 83' lang='grc' dir='ltr'><em>Ὁμήρῳ</em></span> <span class='ocrx_word' id='word_1_187' title='bbox 1256 2675 1311 2740; x_wconf 85' lang='grc' dir='ltr'><em>καὶ</em></span> <span class='ocrx_word' id='word_1_188' title='bbox 1338 2668 1358 2759; x_wconf 84' lang='grc' dir='ltr'><em>ή</em></span> <span class='ocrx_word' id='word_1_189' title='bbox 1386 2677 1460 2741; x_wconf 87' lang='grc' dir='ltr'><em>τῶν</em></span> 
     </span>
     <span class='ocr_line' id='line_1_25' title="bbox 307 2765 581 2858; baseline -0.004 -22"><span class='ocrx_word' id='word_1_190' title='bbox 307 2770 419 2858; x_wconf 94' lang='grc' dir='ltr'><em>μύρων</em></span> <span class='ocrx_word' id='word_1_191' title='bbox 442 2765 581 2836; x_wconf 87' lang='grc' dir='ltr'><em>εύωδία·</em></span> 
     </span>
     <span class='ocr_line' id='line_1_26' title="bbox 391 2871 1236 2957; baseline 0.001 -19"><span class='ocrx_word' id='word_1_192' title='bbox 391 2876 451 2938; x_wconf 87' lang='grc' dir='ltr'><em>τού</em></span> <span class='ocrx_word' id='word_1_193' title='bbox 472 2875 528 2939; x_wconf 86' lang='grc' dir='ltr'><em>καὶ</em></span> <span class='ocrx_word' id='word_1_194' title='bbox 549 2877 733 2956; x_wconf 88' lang='grc' dir='ltr'><em>κινυμένοιο</em></span> <span class='ocrx_word' id='word_1_195' title='bbox 756 2872 841 2952; x_wconf 86' lang='grc' dir='ltr'><em>Διὸς</em></span> <span class='ocrx_word' id='word_1_196' title='bbox 862 2871 945 2940; x_wconf 83' lang='grc' dir='ltr'><em>κατὰ</em></span> <span class='ocrx_word' id='word_1_197' title='bbox 965 2873 1166 2957; x_wconf 80' lang='grc' dir='ltr'><em>χαλκοβατὲς</em></span> <span class='ocrx_word' id='word_1_198' title='bbox 1188 2874 1236 2940; x_wconf 92' lang='grc' dir='ltr'><em>δῶ</em></span> 
     </span>
     <span class='ocr_line' id='line_1_27' title="bbox 393 2968 1434 3063; baseline 0.005 -24"><span class='ocrx_word' id='word_1_199' title='bbox 393 2973 501 3062; x_wconf 78' lang='grc' dir='ltr'><em>έμπης</em></span> <span class='ocrx_word' id='word_1_200' title='bbox 524 2971 571 3051; x_wconf 88' lang='grc' dir='ltr'><em>εἰς</em></span> <span class='ocrx_word' id='word_1_201' title='bbox 592 2973 690 3059; x_wconf 88' lang='grc' dir='ltr'><em>γαῖάν</em></span> <span class='ocrx_word' id='word_1_202' title='bbox 704 2999 741 3040; x_wconf 92' lang='grc' dir='ltr'><em>τε</em></span> <span class='ocrx_word' id='word_1_203' title='bbox 761 2977 818 3040; x_wconf 86' lang='grc' dir='ltr'><em>καὶ</em></span> <span class='ocrx_word' id='word_1_204' title='bbox 841 2969 980 3062; x_wconf 89' lang='grc' dir='ltr'><em>ούρανδν</em></span> <span class='ocrx_word' id='word_1_205' title='bbox 999 2969 1083 3041; x_wconf 78' lang='grc' dir='ltr'><em>ἵκετ’</em></span> <span class='ocrx_word' id='word_1_206' title='bbox 1102 2968 1207 3062; x_wconf 88' lang='grc' dir='ltr'><em>ἀυτμή</em></span> <span class='ocrx_word' id='word_1_207' title='bbox 1231 2979 1274 3052; x_wconf 80' lang='grc' dir='ltr'><em>(Ξ</em></span> <span class='ocrx_word' id='word_1_208' title='bbox 1288 2980 1348 3042; x_wconf 83' lang='grc'><em>173</em></span> <span class='ocrx_word' id='word_1_209' title='bbox 1360 2984 1434 3063; x_wconf 66' lang='grc' dir='ltr'><em>ειη).</em></span> 
     </span>
     <span class='ocr_line' id='line_1_28' title="bbox 257 3077 1460 3173; baseline 0.004 -23"><span class='ocrx_word' id='word_1_210' title='bbox 257 3101 284 3150; x_wconf 70' lang='grc' dir='ltr'><em>κε</em></span> <span class='ocrx_word' id='word_1_211' title='bbox 391 3085 530 3152; x_wconf 80' lang='lat' dir='ltr'><strong>Athen.</strong></span> <span class='ocrx_word' id='word_1_212' title='bbox 552 3087 643 3151; x_wconf 78' lang='lat'>118⁰</span> <span class='ocrx_word' id='word_1_213' title='bbox 661 3077 807 3172; x_wconf 86' lang='grc' dir='ltr'><em>Ὅμηρος</em></span> <span class='ocrx_word' id='word_1_214' title='bbox 825 3085 861 3151; x_wconf 81' lang='grc' dir='ltr'><em>δέ</em></span> <span class='ocrx_word' id='word_1_215' title='bbox 876 3084 935 3169; x_wconf 81' lang='grc' dir='ltr'><em>τὴν</em></span> <span class='ocrx_word' id='word_1_216' title='bbox 949 3088 1009 3150; x_wconf 82' lang='grc' dir='ltr'><em>τοῦ</em></span> <span class='ocrx_word' id='word_1_217' title='bbox 1023 3085 1127 3168; x_wconf 88' lang='grc' dir='ltr'><em>μύρου</em></span> <span class='ocrx_word' id='word_1_218' title='bbox 1150 3079 1251 3173; x_wconf 92' lang='grc' dir='ltr'><em>φύσιν</em></span> <span class='ocrx_word' id='word_1_219' title='bbox 1273 3085 1372 3164; x_wconf 86' lang='grc' dir='ltr'><em>εἰδώς</em></span> <span class='ocrx_word' id='word_1_220' title='bbox 1395 3081 1460 3154; x_wconf 87' lang='grc' dir='ltr'><em>ούκ</em></span> 
     </span>
     <span class='ocr_line' id='line_1_29' title="bbox 309 3178 1460 3273; baseline 0.006 -24"><span class='ocrx_word' id='word_1_221' title='bbox 309 3183 460 3271; x_wconf 84' lang='grc' dir='ltr'><em>εἰσήγαγε</em></span> <span class='ocrx_word' id='word_1_222' title='bbox 481 3185 599 3270; x_wconf 91' lang='grc' dir='ltr'><em>μύροις</em></span> <span class='ocrx_word' id='word_1_223' title='bbox 621 3179 861 3272; x_wconf 85' lang='grc' dir='ltr'><em>ἀλειφομένους</em></span> <span class='ocrx_word' id='word_1_224' title='bbox 882 3183 959 3262; x_wconf 87' lang='grc' dir='ltr'><em>τούς</em></span> <span class='ocrx_word' id='word_1_225' title='bbox 980 3178 1091 3273; x_wconf 84' lang='grc' dir='ltr'><em>ήρωας</em></span> <span class='ocrx_word' id='word_1_226' title='bbox 1113 3184 1201 3271; x_wconf 84' lang='grc' dir='ltr'><em>πλὴν</em></span> <span class='ocrx_word' id='word_1_227' title='bbox 1215 3186 1273 3253; x_wconf 89' lang='grc' dir='ltr'><em>τδν</em></span> <span class='ocrx_word' id='word_1_228' title='bbox 1288 3187 1402 3273; x_wconf 89' lang='grc' dir='ltr'><em>Πάριν</em></span> <span class='ocrx_word' id='word_1_229' title='bbox 1422 3189 1460 3256; x_wconf 80' lang='grc' dir='ltr'><em>ἰν</em></span> 
     </span>
     <span class='ocr_line' id='line_1_30' title="bbox 310 3281 1459 3376; baseline 0.006 -26"><span class='ocrx_word' id='word_1_230' title='bbox 310 3284 360 3361; x_wconf 88' lang='grc' dir='ltr'><em>οἰς</em></span> <span class='ocrx_word' id='word_1_231' title='bbox 383 3288 467 3372; x_wconf 87' lang='grc' dir='ltr'><em>φησί</em></span> <span class='ocrx_word' id='word_1_232' title='bbox 492 3282 619 3351; x_wconf 49' lang='grc' dir='ltr'><em>(κάλλει</em></span> <span class='ocrx_word' id='word_1_233' title='bbox 641 3281 797 3371; x_wconf 58' lang='grc' dir='ltr'><em>στίλβων)</em></span> <span class='ocrx_word' id='word_1_234' title='bbox 823 3292 866 3364; x_wconf 87' lang='grc' dir='ltr'><em>(Γ</em></span> <span class='ocrx_word' id='word_1_235' title='bbox 878 3290 961 3367; x_wconf 82' lang='grc'><em>392),</em></span> <span class='ocrx_word' id='word_1_236' title='bbox 991 3282 1036 3362; x_wconf 90' lang='grc' dir='ltr'><em>ῶς</em></span> <span class='ocrx_word' id='word_1_237' title='bbox 1058 3289 1113 3352; x_wconf 82' lang='grc' dir='ltr'><em>καὶ</em></span> <span class='ocrx_word' id='word_1_238' title='bbox 1135 3282 1316 3376; x_wconf 77' lang='grc' dir='ltr'><em>Ἀφροδίτη</em></span> <span class='ocrx_word' id='word_1_239' title='bbox 1339 3290 1459 3358; x_wconf 86' lang='grc' dir='ltr'><em>κάλλει</em></span> 
     </span>
    </p>
   </div>
   <div class='ocr_carea' id='block_1_6' title="bbox 308 3464 1458 3659">
    <p class='ocr_par' dir='ltr' id='par_1_6' title="bbox 308 3464 1458 3659">
     <span class='ocr_line' id='line_1_31' title="bbox 308 3464 1458 3568; baseline 0.009 -32"><span class='ocrx_word' id='word_1_240' title='bbox 308 3469 400 3555; x_wconf 88' lang='grc' dir='ltr'><em>ρικδν</em></span> <span class='ocrx_word' id='word_1_241' title='bbox 429 3469 533 3536; x_wconf 83' lang='grc' dir='ltr'><em>ἰκεῑνο</em></span> <span class='ocrx_word' id='word_1_242' title='bbox 557 3466 712 3555; x_wconf 65' lang='grc' dir='ltr'><em>“κρόμυον</em></span> <span class='ocrx_word' id='word_1_243' title='bbox 734 3473 841 3536; x_wconf 83' lang='grc' dir='ltr'><em>ποτοῦ</em></span> <span class='ocrx_word' id='word_1_244' title='bbox 862 3464 964 3568; x_wconf 65' lang='grc' dir='ltr'><em>ὕφην’</em></span> <span class='ocrx_word' id='word_1_245' title='bbox 990 3471 1125 3548; x_wconf 90' lang='grc' dir='ltr'><em>ναύταις</em></span> <span class='ocrx_word' id='word_1_246' title='bbox 1152 3477 1208 3540; x_wconf 85' lang='grc' dir='ltr'><em>καί</em></span> <span class='ocrx_word' id='word_1_247' title='bbox 1236 3475 1458 3563; x_wconf 89' lang='grc' dir='ltr'><em>κωπηλάταις</em></span> 
     </span>
     <span class='ocr_line' id='line_1_32' title="bbox 308 3561 971 3659; baseline 0.003 -24"><span class='ocrx_word' id='word_1_248' title='bbox 308 3573 433 3653; x_wconf 83' lang='grc' dir='ltr'><em>μᾶλλον</em></span> <span class='ocrx_word' id='word_1_249' title='bbox 454 3561 476 3656; x_wconf 74' lang='grc' dir='ltr'><em>ἢ</em></span> <span class='ocrx_word' id='word_1_250' title='bbox 496 3573 688 3657; x_wconf 81' lang='grc' dir='ltr'><em>βασιλεῦσιν</em></span> <span class='ocrx_word' id='word_1_251' title='bbox 711 3571 900 3659; x_wconf 77' lang='grc' dir='ltr'><em>ἐπιτήδειον</em></span> <span class='ocrx_word' id='word_1_252' title='bbox 922 3569 971 3659; x_wconf 84' lang='grc' dir='ltr'><em>ήν.</em></span> 
     </span>
    </p>
   </div>
   <div class='ocr_carea' id='block_1_7' title="bbox 392 3755 1348 3908">
    <p class='ocr_par' dir='ltr' id='par_1_7' title="bbox 392 3755 1348 3908">
     <span class='ocr_line' id='line_1_33' title="bbox 392 3755 1059 3826; baseline 0.004 -19"><span class='ocrx_word' id='word_1_253' title='bbox 392 3755 540 3810; x_wconf 75' lang='grc' dir='ltr'><em>Ανατοαιιε</em></span> <span class='ocrx_word' id='word_1_254' title='bbox 569 3761 597 3809; x_wconf 88' lang='grc'><em>11</em></span> <span class='ocrx_word' id='word_1_255' title='bbox 609 3772 666 3826; x_wconf 82' lang='lat' dir='ltr'>sqq.</span> <span class='ocrx_word' id='word_1_256' title='bbox 692 3756 792 3810; x_wconf 79' lang='lat' dir='ltr'>Plato</span> <span class='ocrx_word' id='word_1_257' title='bbox 809 3756 925 3812; x_wconf 80' lang='lat' dir='ltr'><strong>Phaedr.</strong></span> <span class='ocrx_word' id='word_1_258' title='bbox 943 3773 969 3826; x_wconf 85' lang='lat' dir='ltr'><em>p.</em></span> <span class='ocrx_word' id='word_1_259' title='bbox 984 3759 1059 3812; x_wconf 70' lang='lat'>230⁶.</span> 
     </span>
     <span class='ocr_line' id='line_1_34' title="bbox 393 3841 1348 3908; baseline 0.008 -16"><span class='ocrx_word' id='word_1_260' title='bbox 393 3843 493 3908; x_wconf 75' lang='lat' dir='ltr'><strong>25sqq.</strong></span> <span class='ocrx_word' id='word_1_261' title='bbox 520 3841 751 3895; x_wconf 77' lang='lat' dir='ltr'><strong>Aristarchus</strong></span> <span class='ocrx_word' id='word_1_262' title='bbox 768 3843 802 3895; x_wconf 76' lang='lat' dir='ltr'><em>ad</em></span> <span class='ocrx_word' id='word_1_263' title='bbox 820 3843 906 3900; x_wconf 65' lang='lat'><em>5172</em></span> <span class='ocrx_word' id='word_1_264' title='bbox 929 3845 958 3897; x_wconf 82' lang='grc' dir='ltr'><em>Ψ</em></span> <span class='ocrx_word' id='word_1_265' title='bbox 968 3846 1031 3897; x_wconf 75' lang='lat'>186:</span> <span class='ocrx_word' id='word_1_266' title='bbox 1055 3843 1172 3898; x_wconf 80' lang='lat' dir='ltr'><strong>Athen.</strong></span> <span class='ocrx_word' id='word_1_267' title='bbox 1191 3844 1243 3898; x_wconf 87' lang='lat' dir='ltr'><em>XV</em></span> <span class='ocrx_word' id='word_1_268' title='bbox 1256 3844 1348 3900; x_wconf 62' lang='lat'><strong>68800.</strong></span> 
     </span>
    </p>
   </div>
   <div class='ocr_carea' id='block_1_8' title="bbox 394 3977 1303 4084">
    <p class='ocr_par' dir='ltr' id='par_1_8' title="bbox 394 3977 1303 4084">
     <span class='ocr_line' id='line_1_35' title="bbox 394 3977 1303 4084; baseline 0.006 -22"><span class='ocrx_word' id='word_1_269' title='bbox 394 4011 425 4062; x_wconf 82' lang='lat'><em>23</em></span> <span class='ocrx_word' id='word_1_270' title='bbox 444 3977 549 4062; x_wconf 76' lang='grc' dir='ltr'><em>νενεααι</em></span> <span class='ocrx_word' id='word_1_271' title='bbox 567 4009 740 4078; x_wconf 78' lang='lat' dir='ltr'><strong>restituimus,</strong></span> <span class='ocrx_word' id='word_1_272' title='bbox 759 4001 794 4066; x_wconf 84' lang='grc' dir='ltr'><em>οὗ</em></span> <span class='ocrx_word' id='word_1_273' title='bbox 811 4031 864 4066; x_wconf 87' lang='grc' dir='ltr'><em>ναν.</em></span> <span class='ocrx_word' id='word_1_274' title='bbox 884 4015 916 4066; x_wconf 89' lang='grc' dir='ltr'><em>Δ.</em></span> <span class='ocrx_word' id='word_1_275' title='bbox 935 4014 1002 4068; x_wconf 81' lang='grc' dir='ltr'><em>ποτὶ</em></span> <span class='ocrx_word' id='word_1_276' title='bbox 1017 4032 1045 4084; x_wconf 89' lang='grc' dir='ltr'><em>χ.</em></span> <span class='ocrx_word' id='word_1_277' title='bbox 1064 4017 1144 4082; x_wconf 77' lang='grc' dir='ltr'><em>δῶμα</em></span> <span class='ocrx_word' id='word_1_278' title='bbox 1163 4012 1240 4068; x_wconf 82' lang='lat' dir='ltr'>codd.</span> <span class='ocrx_word' id='word_1_279' title='bbox 1290 3989 1303 4020; x_wconf 82' lang='lat'>⁸</span> 
     </span>
    </p>
   </div>
   <div class='ocr_carea' id='block_1_9' title="bbox 0 0 1508 4734">
    <p class='ocr_par' dir='ltr' id='par_1_9' title="bbox 0 0 1508 4734">
     <span class='ocr_line' id='line_1_36' title="bbox 0 0 1508 4734; baseline 0 2"><span class='ocrx_word' id='word_1_280' title='bbox 0 0 1508 4734; x_wconf 95' lang='lat' dir='ltr'><em> </em></span> 
     </span>
    </p>
   </div>
  </div>
 </body>
</html>
