3018 4736
291 305 353 368 154
735 305 870 360 Rohertus
890 306 989 361 Weber

289 479 494 545 Ambrosiani
515 479 588 545 libri
605 482 633 542 E
653 477 799 546 scholion
813 479 1015 562 persequitur
1029 479 1085 564 ita,
1107 487 1143 544 ut
1159 480 1259 562 ipsius
1276 478 1475 545 Athenaei

289 582 390 648 verba
410 582 492 648 bene
513 582 637 665 possint
652 601 723 646 oum
745 580 796 646 his
815 582 972 664 componi,
995 581 1029 646 id
1049 581 1137 664 quod
1151 580 1475 665 Schweighaeuse-

288 705 342 750 rus
364 685 398 749 in
419 683 632 749 animadvers.
654 683 697 748 ad
719 684 824 748 looum
845 684 994 768 prinoeps
1016 684 1181 750 indicavit.

429 784 588 850 Athenaei
611 790 697 851 sunt:
1090 785 1220 852 soholii:

290 891 426 974 σῶφρον
449 885 485 950 δέ
498 911 533 952 τι
546 871 586 972 ῆν
601 883 736 951 advolo
759 878 849 950 άοι-
875 884 912 952 τδ
931 879 1066 969 ἀρχαῖον
1089 886 1128 951 οἱ
1151 879 1293 952 άοιδολ
1318 886 1473 974 φιλο-

290 989 370 1054 δών
397 992 489 1074 γένος
516 990 572 1053 καλ
599 984 848 1073 φιλοσόφων
876 986 1009 1075 σόφου
1030 986 1148 1066 τάξιν
1175 985 1360 1070 ἐπέσχον
1396 989 1472 1053 καὶ

290 1090 490 1156 διάθεσιν
514 1088 673 1171 ἐπέχον.
874 1088 998 1167 πάντες
1031 1083 1145 1166 αὐτοῖς
1177 1101 1364 1175 προσεῖχον
1409 1083 1471 1166 ὡς

875 1205 1005 1278 σοφοῖς,
1027 1193 1082 1257 καὶ
1105 1190 1340 1276 παιδευθῆναι
1363 1190 1470 1256 τού-

873 1317 945 1370 τοις
973 1292 1199 1379 παρεδίδοσαν
1225 1291 1304 1370 τοὺς
1337 1285 1468 1378 ἄναγ-

873 1401 997 1471 καίους.
1020 1445 1173 1462 ........

288 1490 502 1583 Ἀγαμέμνων
529 1499 606 1581 γοῦν
639 1494 696 1562 τὸν
732 1488 848 1561 άοιδὸν
873 1499 930 1563 καὶ
973 1492 990 1563 δ
1035 1498 1333 1584 καταληφθεὶς
1386 1484 1462 1562 οὖν

288 1601 577 1684 καταλείπειτῆ
589 1596 848 1684 Κλυταιμήστρᾳ
875 1596 968 1685 παρὰ
996 1602 1037 1685 τῆ
1058 1597 1321 1684 Κλυταιμήστρᾳ
1350 1590 1459 1683 ᾠδὸς

290 1701 422 1790 φύλακα
436 1703 492 1766 καὶ
514 1698 742 1787 παραινετῆρά
756 1715 847 1764 τινα·
874 1698 1061 1787 πονηρὰς
1086 1697 1282 1777 ,ἐπινοίας
1312 1698 1459 1787 ἐγγίνε-

289 1803 327 1881 δς
354 1805 489 1886 πρῶτον
516 1801 576 1883 μὲν
603 1794 751 1887 ἀρετὴν
778 1824 848 1885 γυ·
874 1807 961 1870 σθαι
983 1796 1116 1882 asota,
1140 1799 1360 1888 διηγούμενος
1387 1796 1460 1868 άν-

289 1911 413 1973 ναικῶ
421 1931 438 1966 ν
461 1901 669 1985 διερχόμενος
695 1900 848 1985 ἐνέβαλλέ
875 1905 961 1991 δρῶν
975 1906 1032 1969 καὶ
1047 1907 1228 1988 γοναικιδ
1238 1929 1255 1968 ν
1270 1896 1320 1988 άρ
1331 1904 1456 1982 ετάς.

288 2032 364 2074 τινα
386 2006 582 2094 φιλοτιμίαν
597 2003 646 2082 εἷς
666 2005 848 2089 καλοκάμα-

288 2114 382 2190 θίαν,
406 2103 477 2173 εἶτα
500 2105 672 2190 διατριβὴν
695 2110 848 2193 παρέχων

287 2207 402 2298 ἡδεῖαν
420 2204 600 2276 ἀπεπλάνα
621 2207 680 2292 τῆν
696 2208 847 2274 διάνοιαν

288 2310 684 2401 φαάλωνέπινοιῶν.
716 2307 849 2377 διόΑἲ-

287 2415 409 2497 γισθος
431 2404 469 2476 οὗ
487 2410 650 2496 πρότερον
674 2412 849 2499 διέφθειρε
872 2415 928 2478 καὶ
944 2411 1006 2490 ἕως
1020 2410 1138 2477 τούτου
1157 2409 1358 2498 ἐσωφρόνει,
1377 2411 1452 2492 ἕως

287 2511 347 2598 τῆν
375 2526 512 2597 γυναῖκα
539 2515 621 2597 πρὶν
648 2511 707 2578 τὸν
730 2506 847 2578 άοιδὸν
875 2507 956 2599 αὐτῆ
978 2515 1089 2598 παρῆν
1112 2505 1217 2588 οὗτος.

288 2606 485 2680 άπσκτεῑναι
508 2611 542 2678 ἐν
565 2612 654 2698 νῆση)
677 2611 790 2700 ἐρῆμῃ.
853 2643 855 2648 ·

373 2715 468 2794 Quod
488 2716 634 2783 scholion
649 2736 690 2782 ex
706 2717 820 2782 eodem
834 2719 921 2783 fonte
936 2716 1094 2800 prodiisse
1109 2724 1206 2800 atque
1228 2717 1322 2802 illud,
1345 2720 1447 2787 ouius

287 2819 383 2885 fronti
405 2819 510 2902 ipsum
525 2819 680 2884 Demetrii
701 2838 818 2885 nomen
840 2819 1017 2903 praefixum
1035 2825 1093 2902 est,
1117 2819 1198 2887 haeo
1218 2821 1334 2886 ultima
1359 2842 1448 2904 quo-

288 2940 350 3006 que
365 2921 465 2986 verba
487 2919 718 2986 demonstrant:
741 2919 859 2987 τοῦτόν
880 2943 967 2996 τινες
989 2912 1174 3006 Χαριάδην,
1202 2919 1234 2985 οἱ
1257 2919 1294 2984 δὲ
1316 2922 1448 3008 Δημό-
1505 2973 1506 3003 η

288 3022 384 3088 donov
406 3023 573 3100 καλοῦσιν,
596 3020 629 3086 οἱ
652 3020 687 3086 δὲ
703 3023 859 3088 Γλαῦκον.
897 3024 980 3088 Nam
996 3025 1052 3088 illa
1074 3023 1115 3087 de
1131 3022 1289 3089 Chariade
1306 3030 1447 3090 senten-

286 3126 333 3192 tia
355 3132 404 3190 est
425 3125 581 3206 Timolai,
604 3125 637 3189 in
658 3126 760 3191 altero
782 3144 909 3208 qnoque
931 3124 1054 3191 soholio
1078 3131 1339 3191 commemorata:
1374 3132 1446 3192 Τι-

285 3225 411 3310 μόλαος
434 3223 470 3288 δὲ
486 3216 631 3312 άδελφδν
648 3218 747 3291 αὐτόν
763 3248 864 3312 φησιν
880 3221 967 3290 εἶναι
984 3229 1126 3312 (δημίου,
1148 3221 1186 3289 ὃν
1201 3218 1448 3311 ἀκολουθῆσαι

285 3331 327 3416 τῆ
350 3324 531 3414 Πηνελόπῃ
555 3324 603 3401 εἷς
620 3318 754 3413 Ἰθάκην
776 3325 863 3412 πρὸς
884 3323 1127 3412 παραφολακῆν
1151 3320 1266 3412 αὐτῆς·
1296 3325 1351 3393 διὸ
1380 3333 1445 3396 καὶ

192 3487 194 3492 .
285 3435 346 3518 βίη
366 3441 438 3505 τοῖς
460 3428 661 3514 μνηστῆρσιν
685 3423 759 3514 ᾄδει
782 3431 948 3496 coniuncto
971 3428 1093 3495 scholio
1115 3429 1158 3495 ad
1182 3455 1203 3492 α
1226 3433 1302 3494 325:
1336 3423 1445 3509 οὗτος
1504 3461 1505 3510 l

286 3527 304 3597 ὁ
323 3525 438 3607 ἀοιδὸς
451 3531 537 3610 (seul.
549 3528 713 3609 Phemius)
727 3521 873 3617 ἀδελφὸς
887 3514 927 3615 ῆν
942 3527 1116 3612 Χαριάδου
1133 3531 1184 3606 (of.
1197 3531 1292 3596 Diod.
1310 3531 1444 3611 adnot.)

285 3635 345 3698 τοῦ
367 3629 645 3718 Κλυταιμήστρας
666 3626 755 3716 ᾠδοῦ
777 3629 921 3717 σονάρας
950 3625 1018 3696 άπδ
1041 3629 1299 3714 Λακεδαίμονος
1321 3637 1444 3718 Πηνε-

253 3754 258 3763 ’
286 3731 386 3820 λόπη.
429 3734 649 3800 Demodooum
671 3741 778 3800 autem
800 3735 891 3799 illum
913 3735 1108 3800 nominatum
1130 3733 1230 3799 fuisse
1246 3733 1441 3804 Demetrius

285 3836 462 3904 Phalereus
484 3836 595 3918 voluit,
618 3836 725 3902 neseio
749 3837 820 3918 quis
842 3834 1008 3902 Glaucum.
1058 3834 1138 3900 Cum
1161 3834 1300 3900 Timolai
1322 3843 1441 3903 autem

285 3939 393 4006 verbis
415 3936 457 4002 de
478 3933 612 4002 Phemio
628 3937 811 4021 Penelopae
833 3938 925 4020 quasi
945 3936 1076 4003 oostode
1097 3938 1231 4020 prolatis
1253 3935 1335 4004 haee
1359 3959 1439 4005 oon·

286 4041 408 4124 spirant
430 4056 514 4120 quae
529 4037 830 4122 apudAthenaeum
852 4038 1049 4104 insecuntur:
1071 4035 1223 4113 τοιοῦτός
1242 4032 1313 4102 ἐστι
1329 4041 1439 4118 (velut
