<?xml version="1.0" encoding="UTF-8"?>
<!DOCTYPE html PUBLIC "-//W3C//DTD XHTML 1.0 Transitional//EN"
    "http://www.w3.org/TR/xhtml1/DTD/xhtml1-transitional.dtd">
<html xmlns="http://www.w3.org/1999/xhtml" xml:lang="en" lang="en">
 <head>
  <title>
</title>
<meta http-equiv="Content-Type" content="text/html;charset=utf-8" />
  <meta name='ocr-system' content='tesseract 3.04.00' />
  <meta name='ocr-capabilities' content='ocr_page ocr_carea ocr_par ocr_line ocrx_word'/>
</head>
<body>
  <div class='ocr_page' id='page_1' title='image "./dedioscuridispe00webegoog_0040.png"; bbox 0 0 3008 4734; ppageno 0'>
   <div class='ocr_carea' id='block_1_1' title="bbox 229 281 1212 365">
    <p class='ocr_par' dir='ltr' id='par_1_1' title="bbox 229 281 1212 365">
     <span class='ocr_line' id='line_1_1' title="bbox 229 281 1212 365; baseline 0.012 -27"><span class='ocrx_word' id='word_1_1' title='bbox 229 285 271 339; x_wconf 77' lang='lat' dir='ltr'><strong><em>De</em></strong></span> <span class='ocrx_word' id='word_1_2' title='bbox 287 284 455 341; x_wconf 74' lang='lat' dir='ltr'><strong>Dioscuridis</strong></span> <span class='ocrx_word' id='word_1_3' title='bbox 472 290 538 359; x_wconf 75' lang='grc' dir='ltr'><strong><em>περὶ</em></strong></span> <span class='ocrx_word' id='word_1_4' title='bbox 555 291 615 343; x_wconf 78' lang='grc' dir='ltr'><strong><em>τῶν</em></strong></span> <span class='ocrx_word' id='word_1_5' title='bbox 632 282 700 358; x_wconf 81' lang='grc' dir='ltr'><strong><em>παρ’</em></strong></span> <span class='ocrx_word' id='word_1_6' title='bbox 713 281 822 365; x_wconf 76' lang='grc' dir='ltr'><strong><em>Ὁμόρφ</em></strong></span> <span class='ocrx_word' id='word_1_7' title='bbox 840 285 939 359; x_wconf 88' lang='grc' dir='ltr'><strong><em>νόμων</em></strong></span> <span class='ocrx_word' id='word_1_8' title='bbox 954 289 1055 346; x_wconf 80' lang='lat' dir='ltr'><strong>libello.</strong></span> <span class='ocrx_word' id='word_1_9' title='bbox 1153 291 1212 352; x_wconf 89' lang='grc'><strong><em>107</em></strong></span> 
     </span>
    </p>
   </div>
   <div class='ocr_carea' id='block_1_2' title="bbox 66 450 1216 646">
    <p class='ocr_par' dir='ltr' id='par_1_2' title="bbox 66 450 1216 646">
     <span class='ocr_line' id='line_1_2' title="bbox 66 450 1216 545; baseline 0.008 -25"><span class='ocrx_word' id='word_1_10' title='bbox 66 457 207 541; x_wconf 82' lang='grc' dir='ltr'><strong><em>πλῆθος</em></strong></span> <span class='ocrx_word' id='word_1_11' title='bbox 227 459 294 522; x_wconf 80' lang='grc' dir='ltr'><strong><em>τῶν</em></strong></span> <span class='ocrx_word' id='word_1_12' title='bbox 315 460 492 543; x_wconf 82' lang='grc' dir='ltr'><strong><em>γυναικῶν,</em></strong></span> <span class='ocrx_word' id='word_1_13' title='bbox 521 450 598 522; x_wconf 77' lang='grc' dir='ltr'><strong><em>ἄλλ’</em></strong></span> <span class='ocrx_word' id='word_1_14' title='bbox 623 456 672 536; x_wconf 86' lang='grc' dir='ltr'><strong><em>εἰς</em></strong></span> <span class='ocrx_word' id='word_1_15' title='bbox 691 462 805 545; x_wconf 91' lang='grc' dir='ltr'><strong><em>γέρας·</em></strong></span> <span class='ocrx_word' id='word_1_16' title='bbox 835 457 909 526; x_wconf 80' lang='grc' dir='ltr'><strong><em>ἐπεὶ</em></strong></span> <span class='ocrx_word' id='word_1_17' title='bbox 933 452 1009 526; x_wconf 82' lang='grc' dir='ltr'><strong><em>ούδέ</em></strong></span> <span class='ocrx_word' id='word_1_18' title='bbox 1029 459 1088 526; x_wconf 85' lang='grc' dir='ltr'><strong><em>τὸν</em></strong></span> <span class='ocrx_word' id='word_1_19' title='bbox 1109 461 1216 529; x_wconf 85' lang='grc' dir='ltr'><strong><em>πολύν</em></strong></span> 
     </span>
     <span class='ocr_line' id='line_1_3' title="bbox 66 553 772 646; baseline 0.006 -24"><span class='ocrx_word' id='word_1_20' title='bbox 66 553 162 624; x_wconf 87' lang='grc' dir='ltr'><strong><em>οίνον</em></strong></span> <span class='ocrx_word' id='word_1_21' title='bbox 184 556 233 635; x_wconf 83' lang='grc' dir='ltr'><strong><em>εἷς</em></strong></span> <span class='ocrx_word' id='word_1_22' title='bbox 253 556 291 626; x_wconf 87' lang='grc' dir='ltr'><strong><em>τό</em></strong></span> <span class='ocrx_word' id='word_1_23' title='bbox 314 557 454 642; x_wconf 88' lang='grc' dir='ltr'><strong><em>μεθύειν</em></strong></span> <span class='ocrx_word' id='word_1_24' title='bbox 475 559 772 646; x_wconf 78' lang='grc' dir='ltr'><strong><em>παρεσκευάσατο.)</em></strong></span> 
     </span>
    </p>
   </div>
   <div class='ocr_carea' id='block_1_3' title="bbox 480 815 709 882">
    <p class='ocr_par' dir='ltr' id='par_1_3' title="bbox 480 815 709 882">
     <span class='ocr_line' id='line_1_4' title="bbox 480 815 709 882; baseline 0 0"><span class='ocrx_word' id='word_1_25' title='bbox 480 815 709 882; x_wconf 81' lang='lat' dir='ltr'>.XXVIL</span> 
     </span>
    </p>
   </div>
   <div class='ocr_carea' id='block_1_4' title="bbox 67 941 1254 1443">
    <p class='ocr_par' dir='ltr' id='par_1_4' title="bbox 67 941 1254 1443">
     <span class='ocr_line' id='line_1_5' title="bbox 155 941 1218 1038; baseline 0.002 -24"><span class='ocrx_word' id='word_1_26' title='bbox 155 947 416 1014; x_wconf 74' lang='lat' dir='ltr'><strong>Athen.110‘¹</strong></span> <span class='ocrx_word' id='word_1_27' title='bbox 443 962 538 1015; x_wconf 87' lang='grc' dir='ltr'><strong><em>ποιεῖ</em></strong></span> <span class='ocrx_word' id='word_1_28' title='bbox 559 941 760 1038; x_wconf 80' lang='grc' dir='ltr'><strong><em>δέὍμηρος</em></strong></span> <span class='ocrx_word' id='word_1_29' title='bbox 788 952 842 1016; x_wconf 83' lang='grc' dir='ltr'><strong><em>καὶ</em></strong></span> <span class='ocrx_word' id='word_1_30' title='bbox 865 948 926 1026; x_wconf 88' lang='grc' dir='ltr'><strong><em>τὰς</em></strong></span> <span class='ocrx_word' id='word_1_31' title='bbox 953 949 1053 1036; x_wconf 84' lang='grc' dir='ltr'><strong><em>κόρας</em></strong></span> <span class='ocrx_word' id='word_1_32' title='bbox 1079 949 1218 1028; x_wconf 80' lang='grc' dir='ltr'><strong><em>καὶτὰς</em></strong></span> 
     </span>
     <span class='ocr_line' id='line_1_6' title="bbox 67 1046 1217 1139; baseline 0.002 -23"><span class='ocrx_word' id='word_1_33' title='bbox 67 1062 226 1136; x_wconf 84' lang='grc' dir='ltr'><strong><em>γυναῖκας</em></strong></span> <span class='ocrx_word' id='word_1_34' title='bbox 240 1048 402 1127; x_wconf 80' lang='grc' dir='ltr'><strong><em>λουούσας</em></strong></span> <span class='ocrx_word' id='word_1_35' title='bbox 417 1048 493 1127; x_wconf 81' lang='grc' dir='ltr'><strong><em>τούς</em></strong></span> <span class='ocrx_word' id='word_1_36' title='bbox 515 1049 635 1132; x_wconf 80' lang='grc' dir='ltr'><strong><em>ξένους,</em></strong></span> <span class='ocrx_word' id='word_1_37' title='bbox 658 1047 704 1129; x_wconf 78' lang='grc' dir='ltr'><strong><em>ὥς</em></strong></span> <span class='ocrx_word' id='word_1_38' title='bbox 726 1046 802 1118; x_wconf 88' lang='grc' dir='ltr'><strong><em>ούτε</em></strong></span> <span class='ocrx_word' id='word_1_39' title='bbox 816 1050 1003 1139; x_wconf 79' lang='grc' dir='ltr'><strong><em>φλεγμονὴν</em></strong></span> <span class='ocrx_word' id='word_1_40' title='bbox 1019 1047 1094 1118; x_wconf 87' lang='grc' dir='ltr'><strong><em>ούτε</em></strong></span> <span class='ocrx_word' id='word_1_41' title='bbox 1115 1046 1217 1138; x_wconf 87' lang='grc' dir='ltr'><strong><em>άκρα-</em></strong></span> 
     </span>
     <span class='ocr_line' id='line_1_7' title="bbox 67 1135 1254 1242; baseline 0.002 -24"><span class='ocrx_word' id='word_1_42' title='bbox 67 1158 147 1218; x_wconf 93' lang='grc' dir='ltr'><strong><em>σίαν</em></strong></span> <span class='ocrx_word' id='word_1_43' title='bbox 169 1154 236 1215; x_wconf 79' lang='grc' dir='ltr'><strong><em>τῶν</em></strong></span> <span class='ocrx_word' id='word_1_44' title='bbox 258 1135 294 1216; x_wconf 86' lang='grc' dir='ltr'><strong><em>εύ</em></strong></span> <span class='ocrx_word' id='word_1_45' title='bbox 314 1151 524 1236; x_wconf 78' lang='grc' dir='ltr'><strong><em>βεβιωκότων</em></strong></span> <span class='ocrx_word' id='word_1_46' title='bbox 545 1155 599 1220; x_wconf 80' lang='grc' dir='ltr'><strong><em>καί</em></strong></span> <span class='ocrx_word' id='word_1_47' title='bbox 629 1152 813 1240; x_wconf 81' lang='grc' dir='ltr'><strong><em>σωφρόνως</em></strong></span> <span class='ocrx_word' id='word_1_48' title='bbox 841 1149 1042 1236; x_wconf 80' lang='grc' dir='ltr'><strong><em>ἁπτομένας.</em></strong></span> <span class='ocrx_word' id='word_1_49' title='bbox 1080 1147 1254 1242; x_wconf 83' lang='grc' dir='ltr'><strong><em>άρχαῑον5</em></strong></span> 
     </span>
     <span class='ocr_line' id='line_1_8' title="bbox 67 1251 1217 1340; baseline 0.003 -22"><span class='ocrx_word' id='word_1_50' title='bbox 67 1254 105 1320; x_wconf 84' lang='grc' dir='ltr'><strong><em>δέ</em></strong></span> <span class='ocrx_word' id='word_1_51' title='bbox 127 1256 227 1318; x_wconf 85' lang='grc' dir='ltr'><strong><em>τοῦτο</em></strong></span> <span class='ocrx_word' id='word_1_52' title='bbox 249 1251 347 1330; x_wconf 84' lang='grc' dir='ltr'><strong><em>έθος·</em></strong></span> <span class='ocrx_word' id='word_1_53' title='bbox 377 1252 511 1320; x_wconf 82' lang='grc' dir='ltr'><strong><em>λούουσι</em></strong></span> <span class='ocrx_word' id='word_1_54' title='bbox 532 1258 609 1340; x_wconf 86' lang='grc' dir='ltr'><strong><em>γοῦν</em></strong></span> <span class='ocrx_word' id='word_1_55' title='bbox 631 1257 686 1321; x_wconf 86' lang='grc' dir='ltr'><strong><em>καί</em></strong></span> <span class='ocrx_word' id='word_1_56' title='bbox 710 1255 745 1320; x_wconf 84' lang='grc' dir='ltr'><strong><em>αἱ</em></strong></span> <span class='ocrx_word' id='word_1_57' title='bbox 768 1253 928 1321; x_wconf 86' lang='grc' dir='ltr'><strong><em>Κωκάλου</em></strong></span> <span class='ocrx_word' id='word_1_58' title='bbox 951 1259 1149 1340; x_wconf 87' lang='grc' dir='ltr'><strong><em>θυγατέρες,</em></strong></span> <span class='ocrx_word' id='word_1_59' title='bbox 1171 1251 1217 1333; x_wconf 81' lang='grc' dir='ltr'><strong><em>ὦς</em></strong></span> 
     </span>
     <span class='ocr_line' id='line_1_9' title="bbox 67 1352 1066 1443; baseline 0.001 -21"><span class='ocrx_word' id='word_1_60' title='bbox 67 1358 314 1438; x_wconf 84' lang='grc' dir='ltr'><strong><em>νενομισμένον,</em></strong></span> <span class='ocrx_word' id='word_1_61' title='bbox 336 1352 395 1420; x_wconf 83' lang='grc' dir='ltr'><strong><em>τὸν</em></strong></span> <span class='ocrx_word' id='word_1_62' title='bbox 417 1360 520 1422; x_wconf 85' lang='grc' dir='ltr'><strong><em>Μίνω</em></strong></span> <span class='ocrx_word' id='word_1_63' title='bbox 543 1355 812 1443; x_wconf 84' lang='grc' dir='ltr'><strong><em>παραγενόμενον</em></strong></span> <span class='ocrx_word' id='word_1_64' title='bbox 834 1356 882 1434; x_wconf 84' lang='grc' dir='ltr'><strong><em>εἰς</em></strong></span> <span class='ocrx_word' id='word_1_65' title='bbox 904 1359 1066 1424; x_wconf 81' lang='grc' dir='ltr'><strong><em>Σικελίαν.</em></strong></span> 
     </span>
    </p>
   </div>
   <div class='ocr_carea' id='block_1_5' title="bbox 566 1629 719 1696">
    <p class='ocr_par' dir='ltr' id='par_1_5' title="bbox 566 1629 719 1696">
     <span class='ocr_line' id='line_1_10' title="bbox 566 1629 719 1696; baseline 0.013 -1"><span class='ocrx_word' id='word_1_66' title='bbox 566 1629 719 1696; x_wconf 84' lang='lat' dir='ltr'>XXVIIL</span> 
     </span>
    </p>
   </div>
   <div class='ocr_carea' id='block_1_6' title="bbox 65 1757 1272 3069">
    <p class='ocr_par' dir='ltr' id='par_1_6' title="bbox 65 1757 1272 3069">
     <span class='ocr_line' id='line_1_11' title="bbox 155 1757 1219 1851; baseline 0.002 -23"><span class='ocrx_word' id='word_1_67' title='bbox 155 1762 299 1828; x_wconf 79' lang='lat' dir='ltr'><strong>Athen.</strong></span> <span class='ocrx_word' id='word_1_68' title='bbox 321 1763 386 1828; x_wconf 91' lang='lat' dir='ltr'><strong><em>XII</em></strong></span> <span class='ocrx_word' id='word_1_69' title='bbox 408 1767 489 1828; x_wconf 81' lang='lat'>511·</span> <span class='ocrx_word' id='word_1_70' title='bbox 516 1766 628 1828; x_wconf 86' lang='grc' dir='ltr'><strong><em>καίτοι</em></strong></span> <span class='ocrx_word' id='word_1_71' title='bbox 655 1768 743 1840; x_wconf 89' lang='grc' dir='ltr'><strong><em>τινές</em></strong></span> <span class='ocrx_word' id='word_1_72' title='bbox 771 1786 858 1851; x_wconf 92' lang='grc' dir='ltr'><strong><em>φασι</em></strong></span> <span class='ocrx_word' id='word_1_73' title='bbox 886 1761 970 1829; x_wconf 85' lang='grc' dir='ltr'><strong><em>κατὰ</em></strong></span> <span class='ocrx_word' id='word_1_74' title='bbox 1000 1761 1102 1851; x_wconf 93' lang='grc' dir='ltr'><strong><em>φύσιν</em></strong></span> <span class='ocrx_word' id='word_1_75' title='bbox 1131 1757 1219 1830; x_wconf 78' lang='grc' dir='ltr'><strong><em>εἶναι</em></strong></span> 
     </span>
     <span class='ocr_line' id='line_1_12' title="bbox 65 1855 1218 1950; baseline 0 -20"><span class='ocrx_word' id='word_1_76' title='bbox 65 1862 129 1948; x_wconf 82' lang='grc' dir='ltr'><strong><em>τὴν</em></strong></span> <span class='ocrx_word' id='word_1_77' title='bbox 158 1857 279 1948; x_wconf 80' lang='grc' dir='ltr'><strong><em>ἡδονὴν</em></strong></span> <span class='ocrx_word' id='word_1_78' title='bbox 307 1860 342 1928; x_wconf 73' lang='grc' dir='ltr'><strong><em>ἐκ</em></strong></span> <span class='ocrx_word' id='word_1_79' title='bbox 368 1866 429 1928; x_wconf 82' lang='grc' dir='ltr'><strong><em>τοῦ</em></strong></span> <span class='ocrx_word' id='word_1_80' title='bbox 456 1862 569 1929; x_wconf 89' lang='grc' dir='ltr'><strong><em>πάντα</em></strong></span> <span class='ocrx_word' id='word_1_81' title='bbox 599 1864 667 1950; x_wconf 75' lang='grc' dir='ltr'><strong><em>ζῷα</em></strong></span> <span class='ocrx_word' id='word_1_82' title='bbox 696 1863 930 1932; x_wconf 74' lang='grc' dir='ltr'><strong><em>δεδουλῶσθαι</em></strong></span> <span class='ocrx_word' id='word_1_83' title='bbox 956 1863 1074 1950; x_wconf 80' lang='grc' dir='ltr'><strong><em>ταύτῃ,</em></strong></span> <span class='ocrx_word' id='word_1_84' title='bbox 1103 1855 1218 1949; x_wconf 80' lang='grc' dir='ltr'><strong><em>ὥσπερ</em></strong></span> 
     </span>
     <span class='ocr_line' id='line_1_13' title="bbox 67 1958 1270 2053; baseline 0.002 -22"><span class='ocrx_word' id='word_1_85' title='bbox 67 1958 144 2046; x_wconf 77' lang='grc' dir='ltr'><strong><em>ούχὶ</em></strong></span> <span class='ocrx_word' id='word_1_86' title='bbox 165 1965 222 2029; x_wconf 90' lang='grc' dir='ltr'><strong><em>καὶ</em></strong></span> <span class='ocrx_word' id='word_1_87' title='bbox 243 1963 370 2042; x_wconf 82' lang='grc' dir='ltr'><strong><em>δειλίας</em></strong></span> <span class='ocrx_word' id='word_1_88' title='bbox 390 1967 446 2030; x_wconf 82' lang='grc' dir='ltr'><strong><em>καί</em></strong></span> <span class='ocrx_word' id='word_1_89' title='bbox 468 1964 576 2052; x_wconf 78' lang='grc' dir='ltr'><strong><em>φόβου</em></strong></span> <span class='ocrx_word' id='word_1_90' title='bbox 595 1968 649 2032; x_wconf 84' lang='grc' dir='ltr'><strong><em>καὶ</em></strong></span> <span class='ocrx_word' id='word_1_91' title='bbox 665 1969 731 2032; x_wconf 81' lang='grc' dir='ltr'><strong><em>τιῦν</em></strong></span> <span class='ocrx_word' id='word_1_92' title='bbox 746 1960 856 2032; x_wconf 77' lang='grc' dir='ltr'><strong><em>ἄλλων</em></strong></span> <span class='ocrx_word' id='word_1_93' title='bbox 870 1965 1086 2053; x_wconf 90' lang='grc' dir='ltr'><strong><em>παθημάτων</em></strong></span> <span class='ocrx_word' id='word_1_94' title='bbox 1100 1968 1219 2041; x_wconf 82' lang='grc' dir='ltr'><strong><em>κοινῶς</em></strong></span> <span class='ocrx_word' id='word_1_95' title='bbox 1242 1982 1270 2034; x_wconf 87' lang='lat'><strong><em>10</em></strong></span> 
     </span>
     <span class='ocr_line' id='line_1_14' title="bbox 67 2057 1218 2154; baseline -0.001 -22"><span class='ocrx_word' id='word_1_96' title='bbox 67 2067 132 2150; x_wconf 81' lang='grc' dir='ltr'><strong><em>μέν</em></strong></span> <span class='ocrx_word' id='word_1_97' title='bbox 155 2065 189 2133; x_wconf 83' lang='grc' dir='ltr'><strong><em>έν</em></strong></span> <span class='ocrx_word' id='word_1_98' title='bbox 204 2057 332 2131; x_wconf 83' lang='grc' dir='ltr'><strong><em>άπασιν</em></strong></span> <span class='ocrx_word' id='word_1_99' title='bbox 354 2060 468 2146; x_wconf 85' lang='grc' dir='ltr'><strong><em>όντων,</em></strong></span> <span class='ocrx_word' id='word_1_100' title='bbox 491 2066 585 2152; x_wconf 86' lang='grc' dir='ltr'><strong><em>παρὰ</em></strong></span> <span class='ocrx_word' id='word_1_101' title='bbox 608 2067 644 2132; x_wconf 81' lang='grc' dir='ltr'><strong><em>δέ</em></strong></span> <span class='ocrx_word' id='word_1_102' title='bbox 665 2081 736 2144; x_wconf 87' lang='grc' dir='ltr'><strong><em>τοῖς</em></strong></span> <span class='ocrx_word' id='word_1_103' title='bbox 758 2069 906 2153; x_wconf 77' lang='grc' dir='ltr'><strong><em>λογισμῷ</em></strong></span> <span class='ocrx_word' id='word_1_104' title='bbox 926 2071 1107 2154; x_wconf 82' lang='grc' dir='ltr'><strong><em>χρωμένοις</em></strong></span> <span class='ocrx_word' id='word_1_105' title='bbox 1130 2059 1218 2132; x_wconf 84' lang='grc' dir='ltr'><strong><em>άπο-</em></strong></span> 
     </span>
     <span class='ocr_line' id='line_1_15' title="bbox 69 2153 1218 2254; baseline -0.001 -21"><span class='ocrx_word' id='word_1_106' title='bbox 69 2165 348 2250; x_wconf 87' lang='grc' dir='ltr'><strong><em>δοκιμαζομένων.</em></strong></span> <span class='ocrx_word' id='word_1_107' title='bbox 381 2165 419 2232; x_wconf 84' lang='grc' dir='ltr'><strong><em>τὸ</em></strong></span> <span class='ocrx_word' id='word_1_108' title='bbox 444 2153 501 2232; x_wconf 79' lang='grc' dir='ltr'><strong><em>σύν</em></strong></span> <span class='ocrx_word' id='word_1_109' title='bbox 522 2163 645 2254; x_wconf 80' lang='grc' dir='ltr'><strong><em>ἡδονὰς</em></strong></span> <span class='ocrx_word' id='word_1_110' title='bbox 668 2169 798 2236; x_wconf 82' lang='grc' dir='ltr'><strong><em>διώκειν</em></strong></span> <span class='ocrx_word' id='word_1_111' title='bbox 815 2172 996 2253; x_wconf 81' lang='grc' dir='ltr'><strong><em>προπετῶς</em></strong></span> <span class='ocrx_word' id='word_1_112' title='bbox 1018 2167 1126 2244; x_wconf 80' lang='grc' dir='ltr'><strong><em>λύπας</em></strong></span> <span class='ocrx_word' id='word_1_113' title='bbox 1147 2165 1218 2232; x_wconf 79' lang='grc' dir='ltr'><strong><em>ἐστὶ</em></strong></span> 
     </span>
     <span class='ocr_line' id='line_1_16' title="bbox 68 2261 1218 2358; baseline 0 -24"><span class='ocrx_word' id='word_1_114' title='bbox 68 2267 239 2357; x_wconf 84' lang='grc' dir='ltr'><strong><em>θηρεύειν.</em></strong></span> <span class='ocrx_word' id='word_1_115' title='bbox 279 2267 399 2354; x_wconf 87' lang='grc' dir='ltr'><strong><em>διόπερ</em></strong></span> <span class='ocrx_word' id='word_1_116' title='bbox 412 2261 564 2358; x_wconf 83' lang='grc' dir='ltr'><strong><em>Ὅμηρος</em></strong></span> <span class='ocrx_word' id='word_1_117' title='bbox 591 2268 821 2337; x_wconf 80' lang='grc' dir='ltr'><strong><em>ἐπονείδιστον</em></strong></span> <span class='ocrx_word' id='word_1_118' title='bbox 847 2269 1048 2354; x_wconf 82' lang='grc' dir='ltr'><strong><em>βουλόμενος</em></strong></span> <span class='ocrx_word' id='word_1_119' title='bbox 1075 2271 1218 2356; x_wconf 77' lang='grc' dir='ltr'><strong><em>ποιῆσαι</em></strong></span> 
     </span>
     <span class='ocr_line' id='line_1_17' title="bbox 68 2363 1220 2460; baseline 0 -24"><span class='ocrx_word' id='word_1_120' title='bbox 68 2370 132 2457; x_wconf 82' lang='grc' dir='ltr'><strong><em>τὴν</em></strong></span> <span class='ocrx_word' id='word_1_121' title='bbox 146 2365 267 2457; x_wconf 80' lang='grc' dir='ltr'><strong><em>ἡδονὴν</em></strong></span> <span class='ocrx_word' id='word_1_122' title='bbox 287 2373 344 2436; x_wconf 85' lang='grc' dir='ltr'><strong><em>καὶ</em></strong></span> <span class='ocrx_word' id='word_1_123' title='bbox 364 2374 431 2438; x_wconf 79' lang='grc' dir='ltr'><strong><em>τῶν</em></strong></span> <span class='ocrx_word' id='word_1_124' title='bbox 446 2374 538 2438; x_wconf 77' lang='grc' dir='ltr'><strong><em>θεῶν</em></strong></span> <span class='ocrx_word' id='word_1_125' title='bbox 554 2374 637 2460; x_wconf 81' lang='grc' dir='ltr'><strong><em>φησὶ</em></strong></span> <span class='ocrx_word' id='word_1_126' title='bbox 659 2369 737 2449; x_wconf 84' lang='grc' dir='ltr'><strong><em>τούς</em></strong></span> <span class='ocrx_word' id='word_1_127' title='bbox 757 2376 931 2457; x_wconf 79' lang='grc' dir='ltr'><strong><em>μεγίστους</em></strong></span> <span class='ocrx_word' id='word_1_128' title='bbox 954 2363 1048 2437; x_wconf 78' lang='grc' dir='ltr'><strong><em>οὐδέν</em></strong></span> <span class='ocrx_word' id='word_1_129' title='bbox 1070 2366 1137 2437; x_wconf 86' lang='grc' dir='ltr'><strong><em>ύπό</em></strong></span> <span class='ocrx_word' id='word_1_130' title='bbox 1160 2373 1220 2455; x_wconf 78' lang='grc' dir='ltr'><strong><em>τῆς</em></strong></span> 
     </span>
     <span class='ocr_line' id='line_1_18' title="bbox 71 2464 1270 2561; baseline 0 -22"><span class='ocrx_word' id='word_1_131' title='bbox 71 2477 238 2561; x_wconf 85' lang='grc' dir='ltr'><strong><em>σφετέρας</em></strong></span> <span class='ocrx_word' id='word_1_132' title='bbox 255 2464 467 2559; x_wconf 82' lang='grc' dir='ltr'><strong><em>ὠφελεῖσθαι</em></strong></span> <span class='ocrx_word' id='word_1_133' title='bbox 483 2472 661 2557; x_wconf 89' lang='grc' dir='ltr'><strong><em>δυνάμεως,</em></strong></span> <span class='ocrx_word' id='word_1_134' title='bbox 686 2466 770 2538; x_wconf 84' lang='grc' dir='ltr'><strong><em>άλλά</em></strong></span> <span class='ocrx_word' id='word_1_135' title='bbox 784 2471 827 2538; x_wconf 82' lang='grc' dir='ltr'><strong><em>τὰ</em></strong></span> <span class='ocrx_word' id='word_1_136' title='bbox 841 2477 981 2559; x_wconf 86' lang='grc' dir='ltr'><strong><em>μέγιστα</em></strong></span> <span class='ocrx_word' id='word_1_137' title='bbox 1001 2471 1219 2557; x_wconf 78' lang='grc' dir='ltr'><strong><em>βλάπτεσθαι</em></strong></span> <span class='ocrx_word' id='word_1_138' title='bbox 1242 2489 1270 2539; x_wconf 80' lang='lat'><strong><em>15</em></strong></span> 
     </span>
     <span class='ocr_line' id='line_1_19' title="bbox 70 2567 1219 2662; baseline -0.002 -22"><span class='ocrx_word' id='word_1_139' title='bbox 70 2577 337 2660; x_wconf 76' lang='grc' dir='ltr'><strong><em>προενεχθέντος</em></strong></span> <span class='ocrx_word' id='word_1_140' title='bbox 367 2567 427 2639; x_wconf 75' lang='grc' dir='ltr'><strong><em>ὑπ’</em></strong></span> <span class='ocrx_word' id='word_1_141' title='bbox 460 2568 570 2660; x_wconf 79' lang='grc' dir='ltr'><strong><em>αὐτῆς.</em></strong></span> <span class='ocrx_word' id='word_1_142' title='bbox 613 2567 678 2641; x_wconf 81' lang='grc' dir='ltr'><strong><em>ὅσα</em></strong></span> <span class='ocrx_word' id='word_1_143' title='bbox 705 2575 766 2658; x_wconf 84' lang='grc' dir='ltr'><strong><em>μέν</em></strong></span> <span class='ocrx_word' id='word_1_144' title='bbox 792 2573 854 2661; x_wconf 85' lang='grc' dir='ltr'><strong><em>γὰρ</em></strong></span> <span class='ocrx_word' id='word_1_145' title='bbox 884 2569 1060 2662; x_wconf 81' lang='grc' dir='ltr'><strong><em>ἆγρυπνῶν</em></strong></span> <span class='ocrx_word' id='word_1_146' title='bbox 1087 2570 1105 2640; x_wconf 91' lang='grc' dir='ltr'><strong><em>ό</em></strong></span> <span class='ocrx_word' id='word_1_147' title='bbox 1135 2571 1219 2651; x_wconf 79' lang='grc' dir='ltr'><strong><em>Ζεύς</em></strong></span> 
     </span>
     <span class='ocr_line' id='line_1_20' title="bbox 71 2669 1219 2766; baseline -0.003 -23"><span class='ocrx_word' id='word_1_148' title='bbox 71 2675 264 2766; x_wconf 74' lang='grc' dir='ltr'><strong><em>ἐφρόντιζεν</em></strong></span> <span class='ocrx_word' id='word_1_149' title='bbox 292 2671 377 2761; x_wconf 79' lang='grc' dir='ltr'><strong><em>ὑπὲρ</em></strong></span> <span class='ocrx_word' id='word_1_150' title='bbox 406 2678 473 2740; x_wconf 79' lang='grc' dir='ltr'><strong><em>τῶν</em></strong></span> <span class='ocrx_word' id='word_1_151' title='bbox 504 2669 642 2762; x_wconf 87' lang='grc' dir='ltr'><strong><em>Τριόων,</em></strong></span> <span class='ocrx_word' id='word_1_152' title='bbox 675 2669 770 2742; x_wconf 77' lang='grc' dir='ltr'><strong><em>ταῦτ’</em></strong></span> <span class='ocrx_word' id='word_1_153' title='bbox 796 2670 952 2742; x_wconf 85' lang='grc' dir='ltr'><strong><em>άπιόλεσε</em></strong></span> <span class='ocrx_word' id='word_1_154' title='bbox 979 2670 1062 2760; x_wconf 72' lang='grc' dir='ltr'><strong><em>μεθ’</em></strong></span> <span class='ocrx_word' id='word_1_155' title='bbox 1093 2671 1219 2763; x_wconf 80' lang='grc' dir='ltr'><strong><em>ἡμέραν</em></strong></span> 
     </span>
     <span class='ocr_line' id='line_1_21' title="bbox 71 2768 1220 2866; baseline -0.003 -21"><span class='ocrx_word' id='word_1_156' title='bbox 71 2772 135 2866; x_wconf 76' lang='grc' dir='ltr'><strong><em>ὑφ’</em></strong></span> <span class='ocrx_word' id='word_1_157' title='bbox 153 2774 272 2864; x_wconf 71' lang='grc' dir='ltr'><strong><em>ἡδονῆς</em></strong></span> <span class='ocrx_word' id='word_1_158' title='bbox 294 2781 484 2865; x_wconf 88' lang='grc' dir='ltr'><strong><em>κρατηθείς.</em></strong></span> <span class='ocrx_word' id='word_1_159' title='bbox 520 2779 575 2843; x_wconf 80' lang='grc' dir='ltr'><strong><em>καὶ</em></strong></span> <span class='ocrx_word' id='word_1_160' title='bbox 596 2771 729 2865; x_wconf 79' lang='grc' dir='ltr'><strong><em>όἌρης</em></strong></span> <span class='ocrx_word' id='word_1_161' title='bbox 752 2771 980 2861; x_wconf 84' lang='grc' dir='ltr'><strong><em>άλκιμώτατος</em></strong></span> <span class='ocrx_word' id='word_1_162' title='bbox 1002 2768 1048 2844; x_wconf 71' lang='grc' dir='ltr'><strong><em>ὧν</em></strong></span> <span class='ocrx_word' id='word_1_163' title='bbox 1069 2774 1136 2844; x_wconf 78' lang='grc' dir='ltr'><strong><em>ὑπὸ</em></strong></span> <span class='ocrx_word' id='word_1_164' title='bbox 1159 2779 1220 2842; x_wconf 85' lang='grc' dir='ltr'><strong><em>τοῦ</em></strong></span> 
     </span>
     <span class='ocr_line' id='line_1_22' title="bbox 72 2866 1219 2966; baseline -0.003 -20"><span class='ocrx_word' id='word_1_165' title='bbox 72 2875 321 2946; x_wconf 75' lang='grc' dir='ltr'><strong><em>ἀσθενεστάτου</em></strong></span> <span class='ocrx_word' id='word_1_166' title='bbox 345 2874 534 2966; x_wconf 88' lang='grc' dir='ltr'><strong><em>Ἡφαίστου</em></strong></span> <span class='ocrx_word' id='word_1_167' title='bbox 564 2880 811 2966; x_wconf 86' lang='grc' dir='ltr'><strong><em>συνεποδίσθη,</em></strong></span> <span class='ocrx_word' id='word_1_168' title='bbox 840 2881 895 2945; x_wconf 85' lang='grc' dir='ltr'><strong><em>καὶ</em></strong></span> <span class='ocrx_word' id='word_1_169' title='bbox 924 2866 1035 2966; x_wconf 75' lang='grc' dir='ltr'><strong><em>ὦφλεν</em></strong></span> <span class='ocrx_word' id='word_1_170' title='bbox 1065 2873 1219 2964; x_wconf 76' lang='grc' dir='ltr'><strong><em>αἰσχύνην</em></strong></span> 
     </span>
     <span class='ocr_line' id='line_1_23' title="bbox 72 2973 1272 3069; baseline -0.002 -21"><span class='ocrx_word' id='word_1_171' title='bbox 72 2984 129 3048; x_wconf 82' lang='grc' dir='ltr'><strong><em>καὶ</em></strong></span> <span class='ocrx_word' id='word_1_172' title='bbox 153 2981 270 3069; x_wconf 82' lang='grc' dir='ltr'><strong><em>ζημίαν</em></strong></span> <span class='ocrx_word' id='word_1_173' title='bbox 293 2977 407 3056; x_wconf 80' lang='grc' dir='ltr'><strong><em>ἐκδούς</em></strong></span> <span class='ocrx_word' id='word_1_174' title='bbox 428 2978 545 3046; x_wconf 79' lang='grc' dir='ltr'><strong><em>ἑαυτὸν</em></strong></span> <span class='ocrx_word' id='word_1_175' title='bbox 561 2979 681 3064; x_wconf 89' lang='grc' dir='ltr'><strong><em>έρωσιν</em></strong></span> <span class='ocrx_word' id='word_1_176' title='bbox 704 2973 902 3064; x_wconf 78' lang='grc' dir='ltr'><strong><em>ἀλογίστοις.</em></strong></span> <span class='ocrx_word' id='word_1_177' title='bbox 936 2982 1018 3067; x_wconf 78' lang='grc' dir='ltr'><strong><em>φησί</em></strong></span> <span class='ocrx_word' id='word_1_178' title='bbox 1041 2983 1118 3064; x_wconf 85' lang='grc' dir='ltr'><strong><em>γοῦν</em></strong></span> <span class='ocrx_word' id='word_1_179' title='bbox 1135 2976 1220 3064; x_wconf 87' lang='grc' dir='ltr'><strong><em>πρὸς</em></strong></span> <span class='ocrx_word' id='word_1_180' title='bbox 1243 2996 1272 3046; x_wconf 69' lang='lat' dir='ltr'><em>w</em></span> 
     </span>
    </p>
   </div>
   <div class='ocr_carea' id='block_1_7' title="bbox 73 3065 1054 3165">
    <p class='ocr_par' dir='ltr' id='par_1_7' title="bbox 73 3065 1054 3165">
     <span class='ocr_line' id='line_1_24' title="bbox 73 3065 1054 3165; baseline -0.004 -15"><span class='ocrx_word' id='word_1_181' title='bbox 73 3081 152 3162; x_wconf 84' lang='grc' dir='ltr'><strong><em>τούς</em></strong></span> <span class='ocrx_word' id='word_1_182' title='bbox 173 3080 284 3162; x_wconf 84' lang='grc' dir='ltr'><strong><em>θεούς,</em></strong></span> <span class='ocrx_word' id='word_1_183' title='bbox 308 3073 361 3148; x_wconf 79' lang='grc' dir='ltr'><strong><em>ὅτ’</em></strong></span> <span class='ocrx_word' id='word_1_184' title='bbox 386 3065 494 3165; x_wconf 74' lang='grc' dir='ltr'><strong><em>ἦλθον</em></strong></span> <span class='ocrx_word' id='word_1_185' title='bbox 517 3073 617 3147; x_wconf 87' lang='grc' dir='ltr'><strong><em>αύτὸν</em></strong></span> <span class='ocrx_word' id='word_1_186' title='bbox 639 3079 844 3164; x_wconf 90' lang='grc' dir='ltr'><strong><em>θεασόμενοι</em></strong></span> <span class='ocrx_word' id='word_1_187' title='bbox 867 3081 1054 3164; x_wconf 88' lang='grc' dir='ltr'><strong><em>δεδεμένον·</em></strong></span> 
     </span>
    </p>
   </div>
   <div class='ocr_carea' id='block_1_8' title="bbox 157 3193 1271 3590">
    <p class='ocr_par' dir='ltr' id='par_1_8' title="bbox 157 3193 1271 3590">
     <span class='ocr_line' id='line_1_25' title="bbox 160 3193 1053 3287; baseline -0.002 -21"><span class='ocrx_word' id='word_1_188' title='bbox 160 3193 218 3266; x_wconf 89' lang='grc' dir='ltr'><strong><em>ούκ</em></strong></span> <span class='ocrx_word' id='word_1_189' title='bbox 240 3193 343 3287; x_wconf 81' lang='grc' dir='ltr'><strong><em>άρετᾷ</em></strong></span> <span class='ocrx_word' id='word_1_190' title='bbox 363 3197 446 3264; x_wconf 87' lang='grc' dir='ltr'><strong><em>κακὰ</em></strong></span> <span class='ocrx_word' id='word_1_191' title='bbox 469 3197 562 3284; x_wconf 84' lang='grc' dir='ltr'><strong><em>έργα·</em></strong></span> <span class='ocrx_word' id='word_1_192' title='bbox 584 3197 711 3280; x_wconf 87' lang='grc' dir='ltr'><strong><em>κιχάνει</em></strong></span> <span class='ocrx_word' id='word_1_193' title='bbox 731 3224 786 3265; x_wconf 93' lang='grc' dir='ltr'><strong><em>τοι</em></strong></span> <span class='ocrx_word' id='word_1_194' title='bbox 806 3198 930 3285; x_wconf 80' lang='grc' dir='ltr'><strong><em>βραδύς</em></strong></span> <span class='ocrx_word' id='word_1_195' title='bbox 952 3193 1053 3266; x_wconf 82' lang='grc' dir='ltr'><strong><em>ὠκύν·</em></strong></span> 
     </span>
     <span class='ocr_line' id='line_1_26' title="bbox 160 3293 1042 3388; baseline -0.001 -21"><span class='ocrx_word' id='word_1_196' title='bbox 160 3297 206 3379; x_wconf 79' lang='grc' dir='ltr'><strong><em>ὦς</em></strong></span> <span class='ocrx_word' id='word_1_197' title='bbox 227 3303 283 3366; x_wconf 83' lang='grc' dir='ltr'><strong><em>καὶ</em></strong></span> <span class='ocrx_word' id='word_1_198' title='bbox 304 3303 361 3366; x_wconf 85' lang='grc' dir='ltr'><strong><em>νῦν</em></strong></span> <span class='ocrx_word' id='word_1_199' title='bbox 374 3293 569 3388; x_wconf 86' lang='grc' dir='ltr'><strong><em>Ἥφαιστος</em></strong></span> <span class='ocrx_word' id='word_1_200' title='bbox 590 3298 653 3366; x_wconf 78' lang='grc' dir='ltr'><strong><em>έιύν</em></strong></span> <span class='ocrx_word' id='word_1_201' title='bbox 673 3299 798 3386; x_wconf 83' lang='grc' dir='ltr'><strong><em>βραδύς</em></strong></span> <span class='ocrx_word' id='word_1_202' title='bbox 820 3300 906 3367; x_wconf 86' lang='grc' dir='ltr'><strong><em>είλεν</em></strong></span> <span class='ocrx_word' id='word_1_203' title='bbox 930 3295 1042 3388; x_wconf 74' lang='grc' dir='ltr'><strong><em>Ἄρηα,</em></strong></span> 
     </span>
     <span class='ocr_line' id='line_1_27' title="bbox 160 3397 1067 3487; baseline 0 -19"><span class='ocrx_word' id='word_1_204' title='bbox 160 3397 328 3469; x_wconf 85' lang='grc' dir='ltr'><strong><em>ὠκύτατόν</em></strong></span> <span class='ocrx_word' id='word_1_205' title='bbox 349 3425 414 3487; x_wconf 87' lang='grc' dir='ltr'><strong><em>περ</em></strong></span> <span class='ocrx_word' id='word_1_206' title='bbox 438 3400 535 3468; x_wconf 82' lang='grc' dir='ltr'><strong><em>ἐόντα</em></strong></span> <span class='ocrx_word' id='word_1_207' title='bbox 556 3405 657 3482; x_wconf 81' lang='grc' dir='ltr'><strong><em>θεῶν,</em></strong></span> <span class='ocrx_word' id='word_1_208' title='bbox 682 3405 715 3468; x_wconf 84' lang='grc' dir='ltr'><strong><em>οἳ</em></strong></span> <span class='ocrx_word' id='word_1_209' title='bbox 729 3397 906 3485; x_wconf 80' lang='grc' dir='ltr'><strong><em>Ὄλυμπον</em></strong></span> <span class='ocrx_word' id='word_1_210' title='bbox 928 3403 1067 3485; x_wconf 83' lang='grc' dir='ltr'><strong><em>έχουσιν,</em></strong></span> 
     </span>
     <span class='ocr_line' id='line_1_28' title="bbox 157 3497 1271 3590; baseline -0.002 -21"><span class='ocrx_word' id='word_1_211' title='bbox 157 3501 266 3588; x_wconf 82' lang='grc' dir='ltr'><strong><em>χωλός</em></strong></span> <span class='ocrx_word' id='word_1_212' title='bbox 288 3500 351 3568; x_wconf 82' lang='grc' dir='ltr'><strong><em>έών</em></strong></span> <span class='ocrx_word' id='word_1_213' title='bbox 372 3506 519 3589; x_wconf 83' lang='grc' dir='ltr'><strong><em>τέχνῃσι·</em></strong></span> <span class='ocrx_word' id='word_1_214' title='bbox 541 3501 578 3569; x_wconf 86' lang='grc' dir='ltr'><strong><em>τό</em></strong></span> <span class='ocrx_word' id='word_1_215' title='bbox 602 3507 658 3571; x_wconf 87' lang='grc' dir='ltr'><strong><em>καὶ</em></strong></span> <span class='ocrx_word' id='word_1_216' title='bbox 680 3497 814 3589; x_wconf 76' lang='grc' dir='ltr'><strong><em>ζωάγρι’</em></strong></span> <span class='ocrx_word' id='word_1_217' title='bbox 840 3497 976 3590; x_wconf 86' lang='grc' dir='ltr'><strong><em>όφέλλει</em></strong></span> <span class='ocrx_word' id='word_1_218' title='bbox 1002 3508 1042 3580; x_wconf 86' lang='grc' dir='ltr'><strong><em>(θ</em></strong></span> <span class='ocrx_word' id='word_1_219' title='bbox 1058 3507 1119 3570; x_wconf 82' lang='lat'><strong><em>329</em></strong></span> <span class='ocrx_word' id='word_1_220' title='bbox 1127 3507 1218 3587; x_wconf 83' lang='lat' dir='ltr'>sqq.).</span> <span class='ocrx_word' id='word_1_221' title='bbox 1242 3518 1271 3567; x_wconf 79' lang='lat'><strong><em>25</em></strong></span> 
     </span>
    </p>
   </div>
   <div class='ocr_carea' id='block_1_9' title="bbox 72 3751 1218 4076">
    <p class='ocr_par' dir='ltr' id='par_1_9' title="bbox 72 3751 1218 3909">
     <span class='ocr_line' id='line_1_29' title="bbox 147 3751 1218 3828; baseline -0.002 -18"><span class='ocrx_word' id='word_1_222' title='bbox 147 3751 304 3810; x_wconf 73' lang='grc' dir='ltr'><strong><em>’Δνσσοιιεε</em></strong></span> <span class='ocrx_word' id='word_1_223' title='bbox 331 3757 413 3824; x_wconf 80' lang='grc' dir='ltr'><strong><em>3ιηη.</em></strong></span> <span class='ocrx_word' id='word_1_224' title='bbox 438 3754 662 3810; x_wconf 77' lang='grc' dir='ltr'><strong><em>Δτίείιτιίιαε</em></strong></span> <span class='ocrx_word' id='word_1_225' title='bbox 684 3756 719 3810; x_wconf 79' lang='grc' dir='ltr'><strong><em>εδ</em></strong></span> <span class='ocrx_word' id='word_1_226' title='bbox 740 3760 834 3828; x_wconf 81' lang='grc' dir='ltr'><strong><em>γ464,</em></strong></span> <span class='ocrx_word' id='word_1_227' title='bbox 862 3753 897 3808; x_wconf 78' lang='grc' dir='ltr'><strong><em>σί.</em></strong></span> <span class='ocrx_word' id='word_1_228' title='bbox 917 3753 1012 3808; x_wconf 77' lang='grc' dir='ltr'><strong><em>ίιαίιει.</em></strong></span> <span class='ocrx_word' id='word_1_229' title='bbox 1030 3754 1064 3808; x_wconf 82' lang='grc' dir='ltr'><strong><em>δε</em></strong></span> <span class='ocrx_word' id='word_1_230' title='bbox 1080 3755 1128 3808; x_wconf 79' lang='lat' dir='ltr'><strong><em>Ar.</em></strong></span> <span class='ocrx_word' id='word_1_231' title='bbox 1147 3753 1218 3808; x_wconf 78' lang='lat' dir='ltr'><strong>stud.</strong></span> 
     </span>
     <span class='ocr_line' id='line_1_30' title="bbox 72 3843 270 3909; baseline -0.025 -11"><span class='ocrx_word' id='word_1_232' title='bbox 72 3843 154 3898; x_wconf 86' lang='lat' dir='ltr'><strong>Hom.</strong></span> <span class='ocrx_word' id='word_1_233' title='bbox 173 3857 200 3909; x_wconf 89' lang='lat' dir='ltr'><strong><em>p.</em></strong></span> <span class='ocrx_word' id='word_1_234' title='bbox 213 3843 270 3894; x_wconf 83' lang='grc'><strong><em>185.</em></strong></span> 
     </span>
    </p>

    <p class='ocr_par' dir='ltr' id='par_1_10' title="bbox 164 3923 880 3994">
     <span class='ocr_line' id='line_1_31' title="bbox 164 3923 880 3994; baseline -0.007 -14"><span class='ocrx_word' id='word_1_235' title='bbox 164 3931 262 3994; x_wconf 77' lang='grc' dir='ltr'><strong><em>ίθσηη.</em></strong></span> <span class='ocrx_word' id='word_1_236' title='bbox 289 3924 383 3992; x_wconf 83' lang='lat' dir='ltr'><strong>Gorp.</strong></span> <span class='ocrx_word' id='word_1_237' title='bbox 401 3923 529 3992; x_wconf 60' lang='lat' dir='ltr'><strong>perum</strong></span> <span class='ocrx_word' id='word_1_238' title='bbox 551 3923 713 3993; x_wconf 82' lang='lat' dir='ltr'><strong>Porphyr.</strong></span> <span class='ocrx_word' id='word_1_239' title='bbox 732 3923 767 3976; x_wconf 79' lang='grc' dir='ltr'><strong><em>αδ</em></strong></span> <span class='ocrx_word' id='word_1_240' title='bbox 785 3927 812 3982; x_wconf 84' lang='grc' dir='ltr'><strong><em>Ξ</em></strong></span> <span class='ocrx_word' id='word_1_241' title='bbox 821 3926 880 3976; x_wconf 83' lang='grc'><strong><em>314.</em></strong></span> 
     </span>
    </p>

    <p class='ocr_par' dir='ltr' id='par_1_11' title="bbox 164 4006 879 4076">
     <span class='ocr_line' id='line_1_32' title="bbox 164 4006 879 4076; baseline -0.006 -12"><span class='ocrx_word' id='word_1_242' title='bbox 164 4013 263 4076; x_wconf 76' lang='lat' dir='ltr'>18sqq.</span> <span class='ocrx_word' id='word_1_243' title='bbox 290 4007 387 4076; x_wconf 83' lang='lat' dir='ltr'><strong>Gorp.</strong></span> <span class='ocrx_word' id='word_1_244' title='bbox 406 4006 529 4076; x_wconf 75' lang='lat' dir='ltr'>perip.t</span> <span class='ocrx_word' id='word_1_245' title='bbox 553 4007 716 4076; x_wconf 80' lang='lat' dir='ltr'>Porphyr.</span> <span class='ocrx_word' id='word_1_246' title='bbox 735 4007 770 4060; x_wconf 79' lang='lat' dir='ltr'><strong><em>ad</em></strong></span> <span class='ocrx_word' id='word_1_247' title='bbox 787 4011 879 4063; x_wconf 66' lang='lat'><strong>9267.</strong></span> 
     </span>
    </p>
   </div>
   <div class='ocr_carea' id='block_1_10' title="bbox 0 0 1532 4734">
    <p class='ocr_par' dir='ltr' id='par_1_12' title="bbox 0 0 1532 4734">
     <span class='ocr_line' id='line_1_33' title="bbox 0 0 1532 4734; baseline 0 0"><span class='ocrx_word' id='word_1_248' title='bbox 0 0 1532 4734; x_wconf 95' lang='lat' dir='ltr'><strong><em> </em></strong></span> 
     </span>
    </p>
   </div>
  </div>
 </body>
</html>
