3008 4734
399 1115 696 1194 scelerosus
722 1095 850 1194 vinu

137 1440 416 1507 Wuensehendorf
440 1443 471 1506 iu
501 1442 691 1508 metallilcra
720 1441 881 1506 Saxonum
910 1441 1041 1524 regione
1070 1439 1194 1504 viculus

50 1569 103 1615 mc
119 1553 289 1634 progenuit
303 1552 476 1617 Rohertum
492 1549 707 1635 Theophilum
723 1551 845 1638 Weber
857 1571 885 1616 a.
902 1549 933 1614 h.
949 1570 974 1616 s.
990 1549 1082 1626 LXII
1102 1555 1193 1632 patre

49 1660 191 1726 Robcrto
214 1660 397 1744 Theophilo
425 1661 513 1728 hisce
543 1662 656 1728 diebus
683 1661 761 1726 mihi
789 1667 889 1727 morte
916 1661 1064 1742 abrepto,
1093 1666 1194 1724 matre

50 1769 210 1835 Mathilda
232 1770 388 1838 Therasia
417 1772 457 1838 de
480 1779 573 1856 gente
595 1770 855 1837 KrutzschIorum
883 1770 988 1835 adhuc
1015 1769 1193 1853 superstite.

51 1879 253 1946 Rudimentis
275 1881 452 1946 litterarum
483 1879 600 1947 scholis
629 1882 724 1965 patrii
752 1883 871 1948 viciat
898 1881 996 1947 vicini
1018 1878 1193 1945 Gruenhai·

52 1987 170 2054 uichen
207 1989 344 2056 imbutus
372 1992 583 2073 Aunahergac
618 2011 819 2075 perannum
848 1990 1048 2073 frequentavi
1075 1990 1194 2056 realem

52 2118 148 2180 quam
172 2099 281 2163 dicunt
302 2098 455 2164 scholam.
500 2099 565 2166 Sed
588 2122 660 2166 cum
681 2102 745 2165 iam
768 2101 824 2165 illo
846 2107 1004 2184 tempore,
1028 2106 1062 2164 ut
1084 2098 1193 2163 huma·

51 2209 196 2274 nissimis
218 2227 270 2273 me
293 2209 403 2274 darem
424 2210 554 2292 litteris,
576 2211 700 2275 animus
722 2210 898 2292 inclinaret,
921 2231 950 2278 a
970 2208 1000 2274 h.
1018 2230 1042 2275 s.
1058 2209 1194 2274 LXXIV

51 2319 84 2382 in
107 2319 311 2401 gymnasium
333 2320 456 2401 regium
471 2319 653 2384 Dresdcnse
668 2339 737 2384 sum
753 2325 899 2402 receptus
917 2319 1028 2384 faustis
1043 2321 1194 2403 auspiciis

50 2427 191 2509 Ilhergio
214 2435 336 2494 rectore
364 2435 431 2493 tum
461 2431 693 2511 inauguratum.
739 2429 802 2494 Ubi
828 2428 1003 2511 discipulus
1026 2429 1070 2494 ini
1093 2449 1193 2511 usque

51 2537 93 2601 ad
116 2557 233 2602 annum
249 2538 381 2604 LXXX.
419 2539 566 2622 Denique
582 2539 661 2605 duos
676 2558 734 2622 per
749 2559 849 2604 annos
863 2538 994 2622 Lipsiae
1007 2540 1041 2603 in
1063 2540 1191 2623 publico

52 2649 219 2731 gymnasio
242 2647 303 2714 hoc
319 2669 446 2732 quoque
468 2655 534 2713 tum
549 2649 678 2714 condito
694 2650 786 2715 honis
801 2649 914 2714 litteris
936 2650 1105 2716 instructus
1122 2670 1192 2716 sum

53 2757 206 2823 Richardi
222 2757 364 2823 Richteri
380 2759 545 2842 regimine,
567 2779 588 2823 a
606 2779 669 2841 quo
685 2759 956 2844 praestantissimo
972 2761 1041 2825 viro
1063 2762 1192 2844 egregie

53 2866 129 2930 mihi
151 2867 309 2933 benevolo
332 2888 414 2951 quae
437 2870 549 2952 accepi
571 2888 684 2934 vereor
705 2875 740 2933 ut
761 2889 899 2950 unquam
916 2889 1060 2952 aequem.
1096 2871 1189 2935 Anno

55 2975 84 3040 h.
101 2996 125 3041 s.
141 2975 296 3042 LXXXII
318 2980 508 3044 maturitatis
530 2978 745 3044 testimonium
763 2978 899 3061 adeptus
920 2977 1050 3060 Lipsiae
1073 2980 1188 3063 stipen-

53 3086 140 3151 dium
169 3089 271 3153 merui
299 3090 393 3154 simul
421 3089 637 3154 universitatis
666 3093 816 3170 tanquam
844 3089 988 3153 alumnus
1011 3089 1189 3172 inscriptus.

54 3196 172 3261 Audivi
195 3197 387 3264 clarissimos
402 3199 488 3265 viros
504 3198 545 3264 de
560 3198 775 3280 Noordenum‚
797 3196 1018 3280 Ribbechium‚
1042 3197 1190 3283 Springe·

54 3325 130 3369 rum.
176 3306 269 3372 Unde
296 3308 445 3375 dimissus
467 3309 703 3392 Heidelbergae
732 3327 791 3391 per
812 3325 870 3372 sex
891 3327 1016 3374 menses
1044 3309 1189 3392 collegiis

53 3435 104 3480 me
126 3415 300 3482 docuerunt
321 3418 519 3500 Bartschius,
542 3417 774 3502 Behaghelius,
796 3417 975 3502 Fischerus,
999 3418 1188 3502 Schccllius‚

53 3524 319 3593 Wachsmuthius.
363 3529 399 3592 In
430 3529 566 3612 patriam
595 3547 741 3594 reversus
770 3527 896 3593 scholas
922 3528 987 3593 adii
1016 3529 1188 3595 illustrissi-

54 3655 174 3700 morum
198 3637 336 3700 virorum
361 3638 569 3721 Bragmanni,
592 3638 633 3704 dc
655 3637 803 3722 Bahderi‚
827 3637 943 3720 crusii,
966 3637 1081 3722 Curtii,
1105 3639 1186 3705 Ech-

54 3746 167 3827 steinii,
183 3745 318 3827 Heinaii,
341 3746 563 3830 Hildebrandi‚
579 3748 704 3832 Langii‚
719 3748 832 3830 Lipsii,
848 3747 1051 3831 Overheckii,
1073 3750 1187 3815 iterum

55 3854 241 3936 Ribbechii,
263 3853 406 3922 Richtsri
427 3859 553 3924 interim
574 3858 803 3942 paedagogicis
829 3860 985 3926 habendis
1007 3858 1125 3925 scholis
1146 3859 1189 3926 ad

54 3965 251 4030 academiam
279 3968 400 4051 vocati,
420 3967 630 4052 ‘Schreiheri‚
660 3969 795 4052 Voigtii,
824 3968 928 4035 denuo
958 3969 1188 4036 Wachsmuthii

53 4077 108 4159 qui
128 4075 345 4160 Heidelberga
367 4079 429 4145 huc
450 4079 696 4163 transmigravit,
721 4078 878 4144 Zamckii.
1296 4061 1297 4064 ¹
