3018 4736
299 267 359 328 134
738 264 873 320 Robertus
892 262 992 318 Weber

297 441 476 508 Aristonico
504 440 686 524 conspirant
713 439 745 502 in
768 437 845 502 Ven.
861 434 905 500 A:
933 431 1082 500 καθόλου
1111 429 1173 518 γὰρ
1201 429 1260 516 τὴν
1282 428 1438 518 τοιαύτην

294 545 410 629 χρῆσιν
433 539 488 606 διὰ
511 566 548 606 το
537 537 791 658 μικροπρεπὲς
812 535 1038 624 παρῃτήσατο.
1074 535 1124 603 λλιλ
1146 539 1254 600 autem
1275 535 1437 617 leguntur:

298 647 392 732 νοητέ
394 668 429 709 ον
377 639 529 708 έδὲ
495 667 552 708 τον
564 638 706 728 ποιητὴν
723 636 778 704 διὰ
790 663 826 704 το
817 635 1067 725 μικροπρεπὲς
1082 637 1312 722 παρῃτῆσθαι.
1341 636 1439 700 Deni-

298 767 359 832 que
375 747 454 814 haec
470 752 542 812 suni
529 744 687 812 ischolii:
710 744 823 826 κρέασι
838 732 903 806 δὲ’
888 751 1007 818 οπτοῑς
1026 741 1175 862 χρῆσθαι
1191 729 1311 814 αότοός
1326 758 1439 824 φησιν,

297 848 353 914 ἵνα
374 848 428 912 καλ
452 845 495 912 ἐπ
498 838 701 928 Ἀχιλλέως
723 841 830 908 εἰπεῖν
854 837 1011 928 ιλυνιγόλῇε
1013 865 1059 964 τρι
1084 832 1153 904 5''
1137 829 1439 922 εχενΑότομέὸων,

298 941 508 1034 carperem
487 972 551 1067 αρα
574 946 644 1023 δῖος
666 935 844 1026 Ἀχιλλεύς
870 946 998 1022 (1209)
1036 939 1098 1028 όρα
1121 941 1156 1006 δὲ
1180 937 1318 1026 οἶονήν
1342 937 1440 1022 ἰχθὺν

299 1055 474 1137 καθαίρειν
495 1047 554 1115 τὸν
575 1049 634 1134 τῆς
659 1035 841 1122 Θέτιδος
822 1072 840 1132 ιγ
863 1043 921 1112 τόν
944 1041 1051 1128 ζωμόν
1074 1042 1189 1129 ἕψειν,
1215 1064 1297 1128 quae
1320 1045 1441 1130 optime

299 1155 390 1221 nobis
406 1153 575 1220 convenire
591 1151 737 1216 videntur
752 1169 824 1216 cum
839 1147 997 1214 Athenaei
1014 1149 1129 1232 eapitis
1144 1150 1184 1212 20
1207 1147 1296 1213 exitu
1311 1146 1359 1226 (λι.
1375 1147 1440 1228 33),

300 1255 503 1322 Aristarchea
526 1252 683 1335 sapientia
706 1256 855 1333 quantum
878 1270 974 1335 supra
996 1255 1039 1333 (p.
1055 1251 1112 1314 128
1121 1251 1201 1332 sqq.)
1228 1248 1369 1316 vidimus
1389 1268 1440 1313 re·

300 1357 389 1442 pleti.
427 1353 618 1438 Antiphanis
632 1355 652 1429 ι)
674 1357 779 1418 autem
802 1352 1014 1418 testimonium
1035 1351 1117 1418 adeo
1139 1350 1183 1416 ad
1203 1369 1272 1417 rem
1292 1351 1440 1434 pertinet,

386 1557 410 1623 1)
432 1555 506 1610 Haec
525 1554 686 1625 Antiphanis
710 1552 804 1606 verba:
825 1542 949 1626 Ὅμηρος
972 1569 1045 1624 ηψεν
1064 1595 1069 1606 .
1086 1595 1092 1606 .
1107 1595 1113 1606 .
1127 1544 1203 1608 ‘055'
1221 1543 1389 1624 ἐγκέφαλον’
1407 1554 1440 1604 ut

300 1644 373 1696 recte
394 1641 596 1710 intellegantur,
622 1637 759 1692 Plutarchi
783 1637 913 1706 quendam
938 1639 1028 1692 locum
1048 1637 1076 1690 in
1100 1641 1203 1703 quaest,
1222 1635 1324 1690 conviv.
1341 1635 1439 1689 villo

300 1743 333 1779 ιιι
346 1730 377 1778 25
398 1725 537 1780 subvenire
555 1729 694 1794 putamus:
721 1722 833 1793 λέγουσι
858 1722 887 1778 δὲ
904 1722 972 1794 μηδὲ
988 1720 1148 1794 ἐγκέφαλον
1169 1718 1278 1777 ἐσθίειν
1300 1715 1365 1786 τοὺς
1386 1739 1439 1776 τια-

300 1805 404 1875 λαιοός.
435 1805 477 1866 διὸ
496 1812 544 1865 καλ
554 1800 680 1880 Ὅμηρον
697 1806 794 1872 εἰπεῖν,
812 1838 844 1845 -
863 1813 926 1861 sunt
943 1807 1056 1862 Achillis
1078 1806 1112 1860 de
1130 1807 1327 1874 Agamemnone
1343 1804 1438 1859 verba:

401 1891 500 1967 (ἐχθρὰ
519 1893 548 1950 55
564 1913 614 1961 μοι
631 1896 683 1949 τοῦ
701 1895 778 1965 δῶρα
787 1898 804 1959 'l
822 1893 872 1948 τίω
891 1891 920 1947 55
936 1911 984 1959 μιν
1001 1889 1032 1948 ἐν
1049 1885 1140 1964 καρὸς
1157 1887 1223 1961 αἴσῃ
1240 1895 1268 1957 (I
1279 1893 1347 1954 378),

302 1979 353 2036 τὸν
375 1977 533 2052 ἐγκέφαλον
557 1969 647 2042 oileus
676 1971 719 2034 διὰ
744 1971 779 2032 τό
802 1975 913 2047 ῥίπτειν
939 1979 987 2032 καὶ
1011 1968 1186 2049 ἀποβάλλειν
1209 1975 1441 2045 μυσαττομένους

301 2061 505 2139 προσειπόντα,
522 2063 570 2118 ubi
583 2057 704 2136 λγκαρος
721 2077 776 2116 uno
788 2061 919 2117 vocabulo
931 2061 1101 2116 scribendum
1113 2075 1172 2116 esse
1184 2061 1344 2116 Eustatbius
1355 2063 1440 2116 testa-

300 2149 490 2204 tura51378
507 2165 534 2216 p.
549 2151 647 2212 757,35
666 2147 839 2216 amplioribus
858 2147 966 2202 scholiis
984 2161 1062 2201 usus:
1084 2142 1165 2204 ἄλλοι
1183 2145 1212 2202 δὲ
1229 2142 1372 2218 γράφουσι
1389 2145 1439 2215 μὲν

302 2275 350 2288 ...
370 2228 491 2307 ἔγκοιρος
507 2235 555 2288 καλ
572 2233 715 2288 κλίνουσιν
732 2227 833 2306 ἕγκαρ,
855 2227 991 2306 ἔγκαρσς,
1014 2225 1065 2302 τὴν
1082 2231 1112 2288 δὲ
1129 2231 1201 2298 λέξιν
1218 2228 1265 2286 ἐπὶ
1282 2227 1440 2304 ἐγκεφάλου

302 2322 401 2375 νοοῦσι
419 2359 425 2372 .
440 2361 445 2371 .
461 2361 467 2372 .
486 2321 533 2374 καλ
551 2321 637 2374 τοῦτο
655 2317 707 2386 μὲν
724 2312 825 2387 ἕτεροι,
843 2315 875 2374 ἐν
893 2312 935 2383 οἷς
951 2319 1000 2373 καλ
1021 2312 1203 2388 Πλούταρχος
1220 2319 1279 2371 κτλ.
1309 2316 1351 2369 Ad
1369 2317 1439 2370 hanc

192 2403 200 2416 “
301 2404 383 2471 igitur
399 2403 645 2472 interpretationem
669 2407 795 2472 putamus
818 2405 941 2470 spectare
958 2400 1121 2469 Antiphanis
1139 2399 1220 2456 verba
1238 2415 1288 2454 nec
1310 2414 1363 2467 qua
1387 2401 1439 2455 alia

302 2503 385 2542 causa
402 2487 450 2541 niti
473 2488 590 2556 possint,
614 2487 692 2540 nabis
710 2486 880 2554 perspicuum
898 2489 947 2540 est.
984 2485 1086 2540 Similia
1109 2472 1200 2540 uitem
1217 2484 1393 2554 proferuntur
1410 2486 1437 2539 in

302 2571 403 2626 scholio
421 2572 456 2626 ad
474 2575 551 2626 1378
570 2571 636 2626 Veu.
648 2572 681 2636 A,
700 2570 777 2624 cuius
794 2569 899 2624 initium
911 2569 1058 2625 Aristonici
1075 2574 1123 2624 est.
1152 2570 1272 2638 Quocum
1285 2585 1354 2638 quae
1368 2570 1437 2638 apud

302 2655 468 2710 Dindorfium
487 2656 691 2719 concreverunt,
713 2653 835 2708 videntur
854 2655 951 2710 collato
969 2655 1071 2711 scholio
1090 2653 1274 2724 Porphyriauo
1292 2655 1320 2709 in
1338 2653 1436 2710 Ven.B

302 2740 443 2810 Porphyrii
461 2744 567 2794 curteta
584 2738 700 2793 frustula
711 2755 771 2794 esse
789 2744 819 2792 ut
835 2739 923 2794 solent
940 2740 968 2794 iu
987 2741 1046 2796 cod.
1061 2741 1093 2795 A.
1124 2743 1250 2794 Attamen
1266 2741 1295 2794 in
1313 2741 1363 2794 hac
1380 2742 1437 2810 ipsa

302 2840 421 2880 renunc
440 2840 494 2878 nou
511 2824 549 2878 ita
561 2824 715 2879 concinunt.
742 2824 774 2878 In
785 2825 890 2880 VauA
909 2825 978 2879 enim
996 2826 1063 2881 haec
1081 2828 1158 2880 sunt:
1176 2820 1194 2897 ἢ
1212 2816 1257 2882 ότι
1272 2817 1438 2898 Ἀθηναῖοι

302 2904 354 2966 τόν
371 2907 530 2983 ἐγκέφαλον
548 2904 613 2966 οότε
633 2903 739 2982 ,ἤσθιον
758 2905 823 2966 οότε
846 2903 1045 2980 ω’νόμαζον.
1076 2905 1197 2984 όγκαρος
1220 2900 1271 2967 οὖν
1292 2915 1344 2968 τοῦ
1363 2909 1437 2983 ἐγκε-

303 2991 409 3066 φάλου,
429 2995 570 3064 inquibus
587 2995 791 3050 Atheniensium
807 2995 906 3050 mentio
924 2997 1004 3065 plane
1020 2995 1138 3052 absurda
1154 3000 1203 3050 est.
1239 2995 1291 3050 Sed
1309 2997 1436 3064 quomodo

298 3075 340 3136 ‘oi
353 3072 498 3152 A5qvaioa’
515 3079 680 3149 irrepserint,
697 3079 812 3134 fortasse
828 3096 862 3135 ex
874 3081 972 3136 Athen.
985 3081 1013 3134 11
1030 3099 1056 3150 p.
1067 3080 1115 3136 55i
1130 3080 1283 3149 perspicere
1299 3081 1361 3136 lieet
1378 3083 1436 3148 (sub

302 3166 426 3220 lemmate
448 3163 599 3236 ἐγκέφαλοι
619 3169 762 3236 χοιρεῑσιλι
788 3157 851 3222 ov5
847 3185 886 3220 να
909 3169 979 3236 γοῦν
1000 3169 1058 3222 τῶν
1077 3158 1188 3238 ἆρχαλ
1194 3185 1241 3221 ων
1262 3167 1437 3240 βεβρωκέναι

303 3245 347 3307 διὰ
366 3243 400 3305 τὸ
419 3245 469 3314 τὰς
487 3270 504 3304 α
506 3243 665 3320 ἰσθήσεις
649 3245 762 3314 απόσας
780 3245 883 3320 σχεδὸν
899 3242 977 3305 ἐν’
942 3254 1020 3326 αυτῷ
1037 3247 1116 3308 εἶ.ναι
1150 3243 1360 3325 4πολλοδωρος
1375 3244 1402 3307 5
1422 3246 1435 3308 ό

305 3327 483 3406 Ἀθηναῖος
502 3325 564 3389 055'
584 3325 775 3402 όνομόζειν
792 3329 853 3391 τινόι
873 3339 931 3390 τῶν
948 3340 1078 3392 παλαιῶν
1095 3354 1179 3408 φησιν
1195 3334 1355 3408 ἐγκέφαλον
1370 3343 1436 3403 κτλ,

303 3425 334 3474 ut
350 3419 467 3474 aucturis
490 3431 586 3472 nomen
607 3417 736 3472 omissum
759 3418 787 3472 in
810 3418 912 3473 scholio
936 3419 1074 3489 deperdito
1096 3421 1209 3490 vestigia
1232 3436 1282 3476 sna
1303 3423 1437 3492 reliquisse

304 3504 434 3573 quispiam
451 3505 536 3602 putet.
563 3501 657 3570 Neque
669 3505 759 3556 mmen
770 3502 972 3571 refragabimur,
990 3505 1013 3560 ei
1028 3507 1073 3560 cui
1090 3505 1235 3576 simplicior
1246 3507 1376 3562 videbitur
1393 3508 1436 3560 illa

303 3587 452 3656 retiaque
468 3587 542 3656 ipsos
555 3586 657 3642 cerebri
674 3591 870 3656 contemptores
886 3588 988 3643 latere·
980 3606 1008 3644 m
1020 3589 1072 3645 hae
1085 3595 1213 3660 corrupta
1224 3607 1288 3646 voce
1302 3585 1436 3664 Arpocran

305 3671 439 3728 statuitur.
462 3672 683 3728 Wachsmuthius
695 3671 836 3741 proposuit
847 3666 930 3742 (oi>'
912 3695 929 3730 α
937 3694 953 3745 ρ
957 3695 1066 3745 χαιοι
1080 3676 1153 3745 qnod
1165 3677 1232 3731 bene
1243 3677 1356 3732 suadere
1367 3679 1433 3734 vide-

304 3761 348 3810 tur
365 3755 434 3809 idem
446 3756 577 3812 Athenaei
593 3759 676 3812 lucus.
706 3756 737 3810 In
755 3757 938 3827 Porphyriano
957 3761 1059 3816 scholio
1072 3760 1139 3817 Ven.
1152 3761 1199 3813 B
1193 3779 1220 3815 m
1237 3763 1288 3815 bac
1306 3763 1433 3818 solutione

304 3839 445 3896 tractanda
461 3840 527 3896 miro
549 3842 628 3898 modo
650 3857 734 3912 aeque
755 3842 886 3908 absurda,
909 3849 989 3912 atque
1011 3859 1080 3913 quae
1101 3845 1158 3900 illic
1182 3846 1214 3900 de
1230 3846 1432 3903 Atheniensibus

305 3926 424 3990 inerunt,
446 3925 514 3978 haec
535 3931 612 3982 sunt:
640 3923 675 3986 τὰ
693 3921 749 4000 γὰρ
771 3921 877 3984 παλαιὰ
901 3928 945 3994 (ci.
964 3928 1101 3984 Plutarchi
1125 3925 1191 3996 τοὺς
1213 3928 1358 4000 παλαιούς)
1379 3937 1432 3988 τῶν

304 4011 440 4082 γραιδίων
451 4002 620 4082 α’πορρλιττει
639 4007 691 4068 τὸν
707 4010 874 4085 ἐγκέφαλον.
901 4013 974 4086 λέγει
993 4003 1044 4070 οὖν
1061 4009 1094 4070 τὸ
1109 4009 1174 4072 ιτίω
1192 4015 1221 4072 5e'
1237 4037 1286 4084 μιν
1302 4015 1334 4075 ἐν
1351 4015 1432 4088 καρὸς
