3008 4734
215 296 257 350 Do
273 295 442 351 Dioscuridis
459 298 601 368 περὶτῶν
618 288 687 367 παρ’
706 291 808 368 Ομὴρῳ
825 291 925 364 νόμων
941 294 1040 349 libello.
1140 293 1200 352 105

40 491 130 550 ριον
145 458 247 532 αὖτοῦ
262 467 365 549 λέγων
380 464 505 554 φιάλην
519 460 642 552 Ἄρεως
659 463 744 531 κατὰ
757 463 817 531 τὸν
830 459 1049 554 Ἀντιφάνους
1065 469 1200 545 Καινέα,

41 567 84 634 ἐν
113 561 140 654 ᾧ
164 569 295 654 λέγεται
317 559 437 644 οὕτως·

302 661 364 734 εἶτ’
389 663 451 755 ἤδη
475 665 534 745 δὸς
555 666 680 756 φιάλην
701 662 833 753 Ἄρεως,

301 767 385 835 κατὰ
411 768 591 852 Τιμόθεον,
616 768 732 847 ξυστόν
754 795 791 836 τε
811 771 918 854 βέλος.

43 864 140 936 ἀλλὰ
160 869 226 958 μὴν
247 873 304 937 καὶ
326 867 383 936 διά
404 867 464 958 τὴν
485 871 692 957 φιλοποσίαν
714 867 732 938 δ
751 875 889 956 Νέστωρ
912 874 968 938 καὶ
989 863 1073 956 παρ’
1091 863 1200 953 Ἀχιλ-
1223 884 1238 932 5

44 973 139 1048 λέως
161 971 285 1060 φιάλην
308 970 470 1056 λαμβάνει
492 972 599 1059 δῶρον
621 970 655 1039 ἐν
677 976 725 1060 τῴ
748 973 805 1040 ἐπὶ
820 971 1006 1060 Πατρόκλῳ
1029 971 1201 1040 ἐπιτελου-

42 1077 144 1160 μένῳ
167 1067 270 1160 ἆγιῦνι
292 1077 446 1154 (soto),
475 1065 532 1156 οὐχ
554 1066 608 1141 ότι
628 1076 683 1142 καὶ
706 1079 755 1160 τῳ
777 1079 948 1163 νικηθέντι
973 1073 1074 1140 έδωκε
1096 1074 1202 1151 δέπας

43 1170 64 1239 ὃ
91 1169 266 1256 Ἀχιλλεύς.
300 1170 375 1241 ddi
390 1169 541 1262 Εὔμηλος
564 1175 725 1261 λαμβάνει
747 1176 889 1259 θώρακα
909 1179 1044 1254 (Ψ560)
1067 1171 1201 1262 δραμών

44 1261 165 1342 ἆθλον
187 1275 385 1364 ἐπισφαλῶς
405 1277 461 1342 καὶ
484 1269 655 1360 άμυχδείς,
678 1271 865 1365 ἀσφαλείας
887 1270 1015 1356 όπλον.)

574 1465 677 1532 XXV.

140 1582 280 1649 Athen.
303 1583 393 1648 1100
422 1583 481 1668 της
508 1585 618 1670 μέθης
646 1581 682 1647 δέ
703 1586 910 1669 κατατρέχων
932 1577 950 1648 δ
974 1577 1116 1668 ποιητὴς
1143 1578 1202 1646 τὸν
1225 1593 1254 1643 10

46 1685 248 1771 τηλικοῦτον
263 1681 433 1748 Κύκλωπα
451 1678 518 1749 ὑπὸ
535 1687 654 1771 μικροῦ
669 1677 823 1767 σώματος
845 1682 901 1751 διὰ
917 1683 1038 1770 ταύτην
1054 1675 1202 1748 άπολλό-

45 1809 154 1869 μενον
175 1787 361 1870 παρίστησι
382 1786 438 1850 καλ
454 1777 651 1871 Εόρυτόωνα
671 1783 730 1853 τδν
745 1789 935 1871 Κένταυρον
957 1791 995 1872 (φ
1011 1790 1103 1862 295)·
1126 1781 1203 1861 τοός

46 1912 88 1954 τε
108 1883 204 1972 παρὰ
220 1891 323 1972 Κίρκη
340 1887 475 1964 λέοντας
497 1900 591 1954 ποιεῖ
610 1890 667 1954 καὶ
689 1880 805 1964 λόκους
825 1901 900 1966 ταῖς
920 1883 1058 1974 ἡδοναῖς
1080 1883 1202 1952 ἐπακο-

48 1987 299 2074 λουθήσαντας.
335 1985 394 2054 τὸν
417 1988 453 2054 δέ
471 1981 632 2055 Ὀδυσσέα
661 1987 759 2074 σῴζει
787 1992 835 2074 τῳ
860 1984 981 2073 Ἑρμοῦ
1011 1987 1098 2074 λόγῳ
1126 2011 1203 2054 πει-

48 2094 200 2156 σθέντα·
223 2087 275 2154 διὸ
292 2091 346 2155 καί
363 2082 505 2176 ἀπαθὴς
525 2097 661 2174 γίνεται.
687 2083 875 2178 Ἐλπήνορα
893 2091 929 2156 δέ
944 2090 1106 2176 πάροινον
1122 2083 1203 2154 ὄντα
1227 2101 1253 2150 15

48 2194 111 2257 καὶ
134 2187 298 2278 τρυφερὸν
320 2190 581 2279 κατακρημνίζει.
618 2195 674 2258 καλ
696 2184 864 2269 Ἀντίνοος
892 2185 924 2257 δ’
950 2187 968 2256 δ
993 2192 1094 2275 λέγων
1116 2187 1203 2275 πρὸς

43 2286 215 2359 Ὀδυσσέα
233 2286 338 2369 ‘olvo'g
360 2314 398 2358 σε
418 2291 517 2376 τρώει
539 2287 709 2380 μελιηδής
736 2301 774 2380 (φ
789 2296 863 2371 293)
892 2285 992 2370 αὐτὸς
1020 2284 1078 2358 οδκ
1104 2283 1202 2357 άπεί-

46 2418 130 2476 χετο
152 2395 213 2458 τοῦ
231 2393 408 2476 πώματος·
432 2392 484 2460 διὸ
507 2396 564 2460 καὶ
585 2396 732 2479 τρωθεὶς
754 2387 919 2474 άπιόλττο,
942 2392 992 2460 ’έτι
1012 2395 1141 2480 κρατῶν
1163 2390 1201 2458 τὸ

49 2493 228 2581 ποτήριον.
262 2507 356 2562 ποιεῖ
378 2494 414 2560 δὲ
435 2497 490 2561 καί
508 2493 586 2572 τούς
599 2487 761 2582 Ἕλληνας
782 2493 816 2563 έν
830 2499 879 2582 τῳ
894 2489 1042 2582 ἀπόπλῳ
1057 2493 1203 2578 μεθύον-

49 2623 125 2678 τας,
149 2594 201 2664 διὸ
224 2597 278 2662 καὶ
303 2595 557 2675 στασιάζοντας·
579 2589 663 2662 ὅθεν
684 2599 739 2662 καί
763 2591 980 2664 ἀπόλλυνται.
1019 2597 1146 2682 ἱστορεῖ
1167 2595 1203 2662 δέ
1226 2609 1254 2659 2)

49 2703 110 2768 καί
138 2697 197 2766 τὸν
221 2695 411 2764 δεινότατον
438 2701 505 2763 τῶν
531 2697 654 2785 Τριόων
683 2697 717 2765 ἒν
739 2703 786 2786 τῳ
812 2697 1036 2783 βουλεύεσθαι
1058 2698 1202 2765 Αἰνείαν

145 2889 264 2969 16τηη.
297 2886 374 2952 Dio
397 2885 604 2970 chrysost.
625 2887 680 2952 LV
696 2887 758 2952 289
773 2888 839 2952 R11
859 2888 901 2954 do
916 2888 1055 2953 Antinoo
1077 2883 1203 2967 ὁμοίως

52 2987 91 3052 δὲ
115 2987 172 3051 καὶ
193 2988 311 3051 τοῦτον
333 2977 555 3051 δποδανόντα
583 2983 739 3072 ἐποίησεν
746 3037 755 3066 ,
785 2979 843 3052 οὐκ
865 2985 935 3072 εἰκῇ
957 2988 1123 3072 πληγέντα
1146 2983 1202 3051 διά

50 3091 115 3154 τοῦ
131 3088 261 3169 λαιμοῦ,
285 3080 342 3169 οὐχ
364 3079 452 3152 ὅπου
468 3085 587 3168 ἔτυχεν,
610 3078 725 3173 ὥσπερ
740 3079 855 3170 άμέλει
876 3085 935 3152 τὸν
950 3085 1129 3173 Πάνδαρον
1137 3085 1202 3160 διὰ

52 3193 114 3278 της
135 3186 291 3276 γλώττης.
645 3269 649 3277 ¹
1226 3202 1255 3252 25

141 3375 291 3427 Avononss
317 3375 400 3439 tsqq.
425 3371 518 3443 corp.
536 3372 647 3442 porip.
666 3372 711 3438 (?):
731 3371 839 3427 schol.
858 3372 893 3426 sd
915 3375 945 3428 Ψ
953 3377 1003 3426 616
1021 3373 1089 3428 Von.
1102 3374 1135 3428 B.

144 3461 243 3526 nosqq.
268 3457 408 3510 Stoicus
426 3457 575 3525 quidum:
596 3457 726 3512 Horool.
745 3456 822 3524 olleg.
835 3456 913 3512 Hom.
933 3462 1014 3522 ο.72,
1032 3457 1140 3523 [Plutl
1157 3459 1201 3514 il.

54 3561 78 3598 c.
91 3547 157 3610 126,
179 3541 337 3610 Porphyr.
354 3541 427 3610 opud
445 3541 590 3596 Stobsoum
609 3543 638 3596 in
654 3542 739 3610 eclog.
756 3541 770 3594 I
785 3545 826 3604 41,
840 3546 872 3596 69
885 3542 917 3596 G.
936 3547 971 3610 (p.
986 3546 1036 3596 445
1048 3541 1117 3609 W.),
1143 3543 1203 3598 Dio

54 3625 300 3698 chrysantum
313 3629 372 3690 283,
385 3625 469 3680 284ss
486 3633 514 3680 ot
530 3625 672 3680 LXXVIII
684 3630 733 3680 427
744 3626 815 3691 Ru,
839 3627 953 3680 Horat
973 3625 1026 3695 Ep.
1041 3627 1054 3680 l
1067 3631 1091 3691 2,
1103 3631 1133 3682 23
1144 3643 1202 3697 sqq.

142 3715 243 3780 Iosqq.
270 3710 366 3780 (torp.
385 3709 544 3782 pennoso:
569 3710 675 3765 schol.
695 3711 798 3767 Von.B
816 3711 851 3766 ud
872 3714 948 3767 Y84.

56 3807 262 3818 ...ρ-.-

142 3868 157 3917 '1
177 3855 242 3933 οὐχί
259 3861 405 3917 delevimus
423 3865 488 3928 (vor.
501 3864 521 3918 l.
534 3880 559 3917 v.
574 3857 635 3933 οὐχ)
653 3862 698 3928 (of.
715 3866 745 3918 Ψ
753 3866 821 3929 656),
840 3857 892 3933 οὐχ
911 3853 957 3919 ότι
974 3866 1023 3919 καὶ
1041 3856 1106 3934 οὐχί
1123 3863 1202 3920 codd.

142 3951 158 4000 8
177 3946 341 4001 seiunximus
358 3946 454 4002 verbs:
473 3956 535 4013 τοῖς
550 3941 607 4020 γὰρ
625 3941 796 4017 φιλοπόταις
813 3975 846 3986 -
864 3939 1072 4013 άνατείνοντες.

127 4035 160 4086 21
179 4030 296 4087 Αἰνείαν
306 4033 370 4084 unto
382 4035 441 4088 τῶν
453 4032 583 4103 scriptum
595 4036 657 4100 post
667 4025 857 4103 βουλεύεσθαι
874 4032 1042 4100 transposuit
1053 4031 1202 4086 Ksibolius.
