3008 4734
212 295 255 351 Do
272 295 442 360 Dioscuridis
460 299 526 364 περί
542 299 602 352 ταῖν
618 289 686 370 παρ’
700 290 808 372 Ὁμήρῳ
826 293 924 368 νόμων
941 298 1040 354 libello.
1161 298 1201 355 99

45 463 94 530 τὰ
127 463 300 551 πρόσωπα
328 471 487 553 καθαίρει
515 471 654 546 (0192).
706 461 780 532 ἀλλ’
813 461 889 534 ούδὲ
918 471 1203 555 στεφανουμένους

49 565 199 652 εἰσάγει,
228 574 338 636 καίτοι
360 572 408 654 τῷ
431 567 465 635 ἐκ
486 571 545 655 της
571 572 765 655 μεταφορᾶς
794 563 983 653 ὁμοιώματι
1005 575 1203 658 σημαίνεται

47 659 106 734 ὅτι
131 663 206 756 ᾔδει
228 667 286 736 τδν
309 674 484 757 στέφανον.
522 671 605 758 φησὶ
627 673 720 754 γοῦν·

96 860 110 920 ί
142 774 256 857 νήσας,
278 768 318 858 ἣν
340 776 420 857 πέρι
442 771 565 849 πόντος
588 765 762 858 ἀπείριτος
784 770 995 859 ἐστεφάνωτο
1018 777 1137 853 (κ195)

47 880 94 919 κα
119 873 127 888 ·
1225 870 1240 918 5

141 939 252 1027 πάντῃ
273 939 335 1025 γάρ
359 964 397 1007 σε
419 942 499 1024 περὶ
522 944 686 1028 στέφανος
709 941 871 1024 πολέμοιο
895 941 1008 1030 δέδηεν
1030 945 1077 1021 (Ν
1090 943 1174 1020 736).

504 1111 566 1176 XV
587 1112 638 1186 (σί.
654 1111 753 1188 VIII).

142 1226 284 1325 Atiien.
307 1227 399 1294 117¹)
420 1229 475 1327 καὶ
494 1226 668 1314 στρωμνὰς
691 1227 726 1293 δὲ
749 1223 819 1293 οἶδε
841 1226 1110 1314 διαπρεπούσας·
1131 1252 1202 1294 τοι·

51 1326 160 1404 αύτας
182 1325 240 1393 οῦν
253 1321 373 1415 Ἀρήτη
385 1321 539 1395 Ὀδυσσεῖ
560 1325 825 1414 ὑποστρωννύειν
847 1328 971 1394 κελεύει
993 1333 1023 1417 (η
1041 1333 1124 1410 336),
1146 1331 1202 1395 καὶ

52 1434 197 1516 Νέστωρ
208 1422 300 1510 αύχεῖ
311 1427 396 1515 πρὸς
405 1431 595 1516 Τηλέμαχον
604 1432 738 1496 πολλῶν
749 1429 909 1496 τοιούτων
921 1423 1075 1513 εῦπορεῑν
1082 1437 1112 1516 (γ
1120 1434 1202 1506 3491.

507 1585 586 1651 XVI
612 1585 663 1661 (cf.
685 1585 754 1662 IX).

142 1701 285 1768 Athen.
307 1702 323 1766 I
341 1700 399 1766 17b
422 1701 615 1779 πολυτελεῖς
638 1694 670 1766 δ’
691 1694 803 1778 αῦτοῖς
824 1683 878 1766 καὶ
895 1700 928 1766 οἱ
944 1697 1201 1781 διακονούμενοι.
1226 1712 1254 1763 10

576 1857 680 1923 XVII.

143 1970 284 2038 Athen.
306 1973 397 2038 116ο
420 1967 491 2038 ολδε
512 1971 625 2039 δὲκαὶ
647 1976 761 2039 πᾶσαν
782 1969 842 2058 τήν
863 1973 920 2038 νῦν
942 1971 1170 2036 πολυτέλειαν.

144 2073 218 2139 Dio
242 2073 449 2156 Chrysosi.
472 2077 505 2140 II
523 2078 605 2142 85ss
631 2073 674 2140 τὰ
696 2073 759 2160 γάρ
779 2075 839 2138 τοῦ
860 2066 1010 2138 Ἀλκίνου
1035 2072 1202 2155 βασίλεια,

56 2167 180 2255 άνδρδς
193 2165 352 2260 Ἕλληνος
376 2175 433 2240 καὶ
455 2175 633 2262 νησιώτου,
664 2174 878 2261 διεκόσμησεν
900 2167 938 2239 ού
960 2171 1061 2255 μόνον
1082 2169 1203 2258 κήποις

55 2275 115 2338 καὶ
130 2287 247 2360 φυτοῖς
261 2277 315 2342 καί
331 2268 458 2357 ύδασιν,
482 2274 528 2354 ὡς
549 2269 669 2364 ἥδιστα
691 2273 838 2355 ἐνοικεῖν,
862 2268 946 2339 άλλὰ
964 2277 1020 2340 καὶ
1036 2267 1203 2358 ἀγάλμασι

54 2389 202 2457 χρυσοῖς.
239 2374 289 2442 ἔτι
311 2377 347 2444 δέ
369 2379 495 2461 μᾶλλον
516 2375 575 2464 τήν
596 2379 656 2443 τοῦ
671 2374 847 2442 Μενελάου
862 2374 1000 2462 σ’ίκησιν,
1022 2377 1077 2440 καὶ
1099 2377 1203 2439 ταῦτα
1226 2388 1254 2439 15

58 2471 129 2542 άπὸ
153 2483 329 2563 στρατείας
353 2472 506 2566 ήκοντος,
535 2464 591 2565 ἆρ’
619 2471 656 2545 ού
678 2475 846 2564 Περσικήν
867 2502 943 2543 τινα
971 2479 1024 2542 καὶ
1047 2473 1204 2562 Μηδικήν

58 2577 232 2666 ἐξηγεῖται,
256 2578 372 2661 σχεδόν
385 2607 420 2646 τι
441 2573 479 2647 ού
501 2578 588 2647 πολύ
612 2573 823 2646 ἀποδέουσαν
844 2577 1068 2666 Σεμιράμιδος
1088 2567 1110 2665 ή
1131 2582 1204 2664 Δα-

59 2686 151 2768 ρείου
165 2705 202 2746 τε
222 2682 278 2746 καὶ
292 2680 418 2768 Ξέρξου
440 2685 507 2748 τῶν
527 2683 725 2766 βασιλείωνς
748 2683 832 2769 φησὶ
853 2683 931 2765 γοῦν
952 2680 984 2760 (δ
998 2685 1049 2747 45.
1065 2684 1116 2746 46.
1133 2683 1203 2758 73)·

186 2774 273 2848 ὥστε
293 2779 355 2868 γάρ
377 2775 489 2869 ἠελίου
512 2783 607 2870 α’ίγλη
630 2785 730 2848 πέλεν
752 2776 790 2870 ἠὲ
813 2780 948 2870 σελήνης

189 2882 284 2966 δῶμα
306 2877 389 2950 καθ’
415 2880 582 2971 ύψερεφές
605 2883 781 2950 Μενελάου
804 2883 1001 2965 κυδαλίμοιο
1226 2895 1255 2946 20

185 2987 308 3068 χρυσοῦ
328 2978 360 3048 τ’
379 2978 535 3071 ἠλέκτρου
557 2987 670 3051 τεκαὶ
692 2978 834 3071 άργύρου
856 2978 909 3071 ἠδ’
929 2982 1117 3071 ἐλέφαντος.

148 3143 186 3202 12
197 3160 266 3223 sqq.
288 3137 428 3205 Athen.
444 3140 461 3204 I
478 3142 535 3203 16θ
550 3135 649 3203 οἴκων
663 3136 723 3220 μὲν
739 3121 796 3202 οῦν
813 3132 1047 3220 λαμπρότατος
1062 3129 1079 3200 δ
1093 3139 1204 3199 Μενε-

61 3238 152 3304 λάου.
186 3242 336 3305 τοιοῦτον
360 3238 397 3303 δέ
417 3264 492 3305 τινα
513 3235 697 3328 ὑφίσταται
718 3241 759 3326 τῇ
779 3239 964 3322 κατασκευῇ
979 3238 1035 3302 καὶ
1051 3232 1204 3320 λαμπρά-

59 3365 134 3428 τητι
156 3339 296 3424 οἵανπερ
318 3339 487 3424 Πολύβιος
508 3346 572 3426 (34,
588 3347 669 3426 9,15
686 3344 750 3419 Hu)
771 3335 903 3429 Ἴβηρός
923 3362 1014 3414 τινος
1040 3337 1205 3421 βασιλέως

61 3441 184 3508 οἰκίαν·
218 3439 256 3508 δν
284 3442 340 3507 καὶ
367 3440 562 3528 ἐζηλωκέναι
594 3444 681 3528 λέγει
707 3441 766 3529 τήν
794 3444 860 3508 τιῦν
890 3439 1049 3506 Φαιάκων
1077 3435 1204 3526 τρυφήν
1227 3453 1255 3502 25

60 3543 148 3625 πλὴν
170 3545 229 3608 τοῦ
250 3540 328 3619 τούς
349 3546 512 3630 κρατῆρας
534 3542 568 3609 έν
586 3547 678 3629 μέσφ
700 3546 758 3630 τής
780 3541 887 3618 οἰκίας
909 3540 1045 3606 ἑστάναι
1066 3539 1204 3626 πλήρεις

61 3645 153 3712 οῖ’νου
175 3649 338 3730 κριθίνου,
363 3637 522 3731 ἀργυροῦς
543 3638 642 3721 ὄντας
662 3646 716 3710 καὶ
737 3646 887 3730 χρυσοῦς.

145 3749 194 3814 of.
217 3749 295 3814 Dio
318 3745 521 3831 Chrysost.
544 3747 684 3812 LXXIX
706 3747 857 3811 432Rn.

147 3897 295 3950 Δνοτοετε
315 3901 394 3966 lsqq.
413 3896 633 3950 Aristarchus
648 3896 682 3951 ad
696 3899 724 3951 N
734 3894 963 3949 i36etad11700
976 3891 1058 3960 (apud
1068 3891 1205 3955 Bekker.).

147 4037 180 4088 24
199 4029 320 4106 οίανιιερ
336 4031 451 4086 inseruit
467 4029 615 4085 Kaibelius.

965 4117 979 4167 Ἰ
985 4114 1001 4149 *ii
