3018 4736
225 317 270 370 De
287 315 454 372 Dioscuridis
471 319 537 388 περὶ
554 319 613 371 τῶν
630 311 697 387 παρ’
711 308 819 390 Ὁμήρῳ
837 311 935 384 νόμων
950 315 1049 370 libello.
1151 311 1210 370 15?

534 605 660 681 emur
685 606 736 680 H.

139 776 313 856 Quoniam
326 778 368 844 de
382 777 522 844 iouu'bns
537 775 742 842 Dioseuridei
755 775 831 840 libri
845 773 1089 858 disputavimus,
1111 793 1211 857 quau-

61 887 119 944 tum
143 899 193 946 ex
209 878 350 944 Brnnkii
370 877 595 946 dissertatione
609 878 642 943 ei
662 877 847 944 adseribere
865 877 951 960 hest,
972 878 1109 942 alterum
1130 874 1213 941 illud

11 1011 13 1070 ν
61 982 214 1046 interest:
241 982 337 1047 novis
364 980 498 1048 deteetis
520 981 665 1063 vestigiis
693 997 874 1063 propagare
901 979 1004 1044 libelli
1031 977 1121 1046 lines.
1164 981 1214 1044 Ae

60 1083 204 1166 primum
226 1082 359 1166 quidem
373 1084 480 1166 operis
495 1083 706 1165 expilatorem
727 1082 918 1165 proterimus
932 1079 1039 1146 adhue
1060 1081 1212 1164 ignotum

10 1171 13 1260 l
61 1185 140 1250 llam
166 1185 345 1250 Dionem
367 1205 494 1268 quoque
516 1183 846 1266 obrysostomnm
867 1180 1213 1250 novisseDioseuridis

10 1269 12 1332 ἶ
61 1287 181 1354 librum
205 1293 240 1352 et
261 1287 295 1350 in
316 1306 408 1352 suum
428 1306 521 1352 usum
542 1286 739 1352 eonvertisse
761 1285 992 1350 contendimus.
1043 1283 1147 1363 Quam
1169 1283 1213 1349 sd

10 1337 15 1454 A
61 1407 124 1453 rem
156 1387 435 1473 comprobandam
464 1387 633 1454 exordium
660 1407 776 1472 eapere
810 1387 900 1452 lubet
926 1407 949 1451 a
975 1386 1083 1452 media
1110 1387 1213 1452 altera

64 1492 227 1574 oratione,
250 1491 284 1554 in
306 1510 371 1574 qua
391 1490 471 1574 quid
491 1491 650 1556 Homerus
672 1489 714 1555 de
736 1490 859 1574 optimo
880 1507 957 1569 rege
979 1487 1111 1570 doceat,
1136 1487 1213 1552 Phi-

64 1592 173 1676 hppns
196 1599 231 1657 et
251 1591 437 1658 Alexander
458 1592 541 1656 inter
562 1611 634 1658 sese
656 1590 871 1673 diseeptantes
893 1589 1092 1654 inducuntur.

115 1711 189 1778 Ubi
210 1709 398 1776 Menander
417 1732 449 1795 p.
473 1712 568 1776 87R:
675 1708 871 1786 Quibuscum
896 1710 993 1792 plane
1015 1714 1192 1791 eongruunt

666 1812 755 1895 apud
775 1811 976 1877 Athenaeum
998 1811 1080 1878 haee
1100 1831 1132 1894 p.
1149 1808 1195 1875 ss:

66 1903 184 1993 εὐωχεῖ
196 1935 236 1995 ys
248 1910 315 1999 μὴν
327 1906 395 1978 ἀπὸ
411 1917 537 1996 κρεῶν
550 1911 628 1990 τοὺς
653 1907 765 1998 ἁπλῆν
786 1900 844 1979 οὖν
867 1907 1020 1980 ἀπέδωκε
1040 1911 1101 2000 τὴν
1123 1913 1212 1978 δίαι-

65 2003 179 2096 ἥρωας
192 2020 214 2092 ¹)
242 2013 489 2080 καὶτούτων
513 2020 627 2098 βοαί·
652 2041 713 2082 ταν
728 2019 816 2082 πᾶσι
816 2066 977 2096 ........
989 2009 1080 2080 ὀπτὰ
1103 2039 1214 2097 παρα-

69 2120 173 2196 ωνῖ),
203 2115 305 2196 δῆλον
333 2112 387 2182 ὅτι
416 2110 541 2198 ἰσχύος,
571 2110 628 2196 οὐχ
652 2119 764 2194 τιθεὶς
778 2120 1216 2198 πᾶσικρὲα,καὶταῦτα

9 2194 11 2313 l
69 2211 187 2302 semp
210 2215 327 2282 sves.
642 2214 699 2294 ιὼς
727 2217 785 2284 ee
806 2217 845 2284 τὸ
874 2217 962 2283 πον.)
983 2219 1105 2302 βόεια
1121 2268 1214 2285 .....

9 2366 11 2428 7
653 2322 708 2386 καὶ
738 2314 776 2386 οὐ
805 2326 891 2401 θρῖα
912 2323 968 2385 καὶ
980 2319 1161 2418 νανδύλην,
1184 2371 1214 2386 ..

9 2431 10 2504 l
655 2473 683 2488 ..
700 2415 777 2486 ἀλλ’
804 2415 864 2510 ἀφ’
890 2415 937 2488 ὦν
957 2419 992 2487 εὖ
1015 2420 1099 2498 ἕξειν
1120 2420 1217 2505 ἔμελ-

9 2509 11 2562 3
655 2525 713 2590 λον
733 2523 771 2591 τὸ
796 2528 893 2608 σῶμα
914 2526 969 2590 καὶ
991 2522 1051 2610 τὴν
1073 2523 1195 2611 ψυχήν.

67 2619 124 2685 τὸν
168 2623 266 2705 γοῦν
301 2615 529 2708 Ἀγαμέμνονα
570 2623 630 2692 τὸν

68 2721 274 2806 συμπάντων
294 2726 437 2807 βασιλέα
450 2729 506 2791 καὶ
527 2727 631 2792 πλον-

68 2823 236 2891 σιώτατον
249 2828 330 2908 βοῦν
345 2822 399 2891 ἀεί
416 2849 519 2913 φησιν
532 2826 631 2894 θύειν

68 2929 123 2992 καὶ
143 2924 203 2993 ἐπὶ
214 2929 332 2994 τοῦτον
342 2928 454 2992 καλεῖν
464 2925 542 3004 τοὺς
557 2921 630 3014 ἀρί-

71 3050 178 3106 στους.
201 3031 258 3094 καὶ
273 3026 629 3110 τόνΑἲανταμετὰ
655 3029 824 3096 Αἴαντα
849 3031 979 3114 γοῦνθ)
1007 3028 1110 3112 μετὰ
1138 3028 1213 3115 τὴν

157 3219 182 3278 1)
200 3211 298 3266 Utrum
321 3205 421 3268 ὀπτῶν
442 3211 495 3266 hoe
518 3212 579 3268 loeo
600 3213 673 3281 apud
694 3213 810 3268 Diouem
831 3213 971 3279 exeiderst,
992 3214 1021 3268 id
1044 3215 1117 3284 quod
1137 3215 1218 3270 fusile

71 3296 129 3351 fieri
150 3297 243 3366 potuit
263 3295 292 3350 iu
314 3299 392 3351 tanto
415 3297 596 3366 genetirorum
615 3314 739 3366 numero,
756 3314 854 3364 neone,
879 3299 954 3354 dubii
974 3300 1131 3366 haeremus,
1156 3317 1218 3356 euru

70 3383 178 3448 grsrins
195 3380 327 3448 rideatur,
345 3397 425 3450 quam
442 3382 514 3450 qnod
530 3382 645 3438 Dionem
656 3399 768 3452 prorsus
785 3384 997 3453 praetermisisse
1014 3384 1155 3453 probabile
1173 3384 1217 3450 sit,

72 3466 122 3520 uisi
138 3465 214 3520 forte
229 3467 316 3535 ipsam
333 3467 368 3521 ob
385 3468 568 3535 genetivomm
585 3469 691 3537 eopiam
709 3469 832 3524 consulto
850 3470 1011 3538 contempsit
1027 3470 1146 3538 scriptor
1162 3470 1217 3525 ele·

8 3605 9 3608 ,
71 3551 179 3618 pomo
196 3551 328 3606 sermonis
345 3551 567 3608 studiosissimus.

8 3633 9 3662 ³
156 3639 183 3702 2)
201 3635 301 3690 Snidae
318 3651 340 3690 s.
358 3653 383 3691 r.
394 3627 516 3712 Ὅμηρος
539 3654 574 3693 ex
593 3639 739 3706 integriore
756 3639 896 3693 Athenaeo
918 3638 1000 3707 plane
1022 3637 1116 3694 eadem
1138 3646 1217 3695 sunt:

71 3725 176 3794 κρειῶν
185 3761 270 3787 ......
287 3725 336 3777 καὶ
353 3719 464 3780 τούτων
482 3717 581 3780 ὀπτῶν
596 3727 645 3780 καὶ
663 3717 702 3789 ὡς
719 3721 767 3779 ἐπὶ
783 3719 819 3780 τὸ
837 3718 910 3779 πολὺ
926 3725 1042 3795 βοείων.

158 3809 185 3873 3)
203 3797 256 3862 οὖν
272 3805 401 3874 exhibent
417 3809 549 3877 epitomae
561 3809 676 3873 codices,
693 3811 764 3881 γοῦν
780 3809 897 3863 correxit
913 3808 1077 3875 Diodorfius,
1095 3811 1219 3879 probarit

73 3889 235 3945 lleiuelrius.
270 3889 349 3958 Quod
364 3897 393 3945 et
408 3906 489 3947 seusu
505 3907 593 3961 paene
608 3892 746 3960 flagitatur
762 3899 790 3946 et
807 3893 902 3946 Dionis
919 3893 980 3948 loeo
998 3894 1217 3949 commendatur:

71 3970 125 4031 τὸν
141 3977 232 4047 γοῦν
247 3966 439 4046 Ἀγαμέμνονα
449 4021 456 4032 .
466 4020 472 4032 .
483 4017 490 4030 .
500 3979 565 4032 ,καὶ
581 3971 635 4032 τὸν
652 3971 761 4032 Αἴαντα
778 3980 838 4032 κτλ.
873 3975 1012 4032 Kaibelius
1035 3977 1144 4046 quidem
1162 3980 1218 4031 tra·

70 4059 157 4114 ditem
176 4057 338 4127 scripturam
360 4061 484 4125 reh'unit,
506 4060 550 4115 eui
570 4060 599 4114 in
617 4059 710 4114 eodem
733 4061 919 4116 constituendo
938 4065 1076 4117 enuntiato
1093 4077 1129 4116 ne
1153 4062 1220 4117 illud
