3018 4736
308 309 368 368 130
748 311 883 368 Robertus
901 311 1001 368 Weber
1301 378 1304 383 ,

303 485 399 568 μέχρι
414 473 602 548 ἀναστῶσιν
617 479 751 548 ἔκειντο.
777 485 858 570 φησὶ
875 480 937 569 γὰρ
956 478 1005 548 ‘ci
1022 475 1055 548 δ”
1071 475 1140 550 dard
1156 482 1217 566 μὲν
1233 494 1326 549 σῖτον
1340 481 1442 550 πολὺν

303 579 400 669 Ιἥρεον
421 575 479 669 ἠδὲ
502 575 682 667 τράπεζαν’
709 588 739 662 (τ
754 589 817 662 61).
854 573 875 672 ἢ
897 582 1014 650 τούτου
1037 579 1083 662 ὡς
1110 587 1319 662 πενθοῦντος
1339 579 1441 672 ᾔρετο,

305 685 385 753 Cum
400 687 504 753 codex
519 687 658 754 Venetus
673 687 702 752 A
717 688 846 754 mutilus
862 694 947 754 esset
967 687 1028 754 hac
1042 695 1134 772 parte
1156 723 1198 734 -
1220 687 1444 754 interciderunt

305 788 369 855 duo
384 789 462 856 solie
476 789 669 854 continentia
684 809 794 856 versus
810 789 885 856 inde
898 810 919 855 a
934 793 1101 854 405-504
1116 790 1190 855 libri
1203 789 1233 852 Ω
1249 825 1291 834 —
1307 791 1443 856 Hillerus

304 891 326 955 l.
342 891 363 956 l.
385 911 514 975 prorsus
536 897 622 957 certo
641 889 788 957 contendi
810 911 904 974 posse
926 892 1057 975 negavit
1070 891 1247 958 Aristarchi
1274 911 1344 958 esse
1366 890 1444 957 hanc
1489 949 1490 956 ,

305 992 473 1060 athetasin.
509 993 577 1060 Nos
599 993 728 1077 quidem
743 994 800 1059 uix
822 994 1003 1062 dubitamus
1025 994 1170 1062 scholion
1190 995 1371 1060 Aristonico
1393 995 1443 1058 tri·

304 1095 530 1180 buere,utp0te
542 1096 594 1161 cui
605 1095 1055 1162 debeamusAristarebearum
1064 1095 1251 1162 atheteseon
1263 1097 1406 1162 notitiam
1414 1097 1442 1172 ¹).

305 1197 523 1263 Victoriarum
545 1195 690 1263 codicem
712 1197 916 1264 aVenetoA
937 1199 1083 1282 proxime
1105 1199 1219 1264 abesse
1241 1196 1444 1264 Ludwiehius

305 1298 441 1366 credidit
455 1300 487 1376 (l.
499 1300 520 1364 l.
537 1300 553 1364 Ι
570 1320 600 1383 p.
615 1299 677 1383 89),
696 1306 730 1365 ut
744 1304 784 1365 ne
799 1299 840 1366 de
855 1301 1050 1384 praestantia
1065 1300 1195 1383 quidem
1210 1299 1331 1366 codicis
1346 1299 1445 1384 pbssit

305 1399 459 1482 dubitari,
483 1401 546 1467 nisi
569 1401 654 1484 quod
677 1403 803 1467 interim
825 1401 982 1468 Maassius
1004 1402 1124 1480 (Herm.
1146 1399 1226 1466 XIX
1247 1422 1279 1485 p.
1292 1403 1354 1466 273
1366 1403 1444 1484 sqq.)
1490 1455 1491 1480 ,

305 1509 392 1568 reete
424 1503 649 1587 comprobasse
681 1503 809 1570 videtur
840 1503 1016 1570 Victoriani
1049 1510 1171 1588 patrem
1204 1503 1443 1568 Townlcianum

304 1605 421 1670 librum
444 1624 525 1688 esse,
548 1606 637 1672 cuius
659 1611 766 1671 tamen
787 1605 911 1672 scholia
931 1605 1071 1672 nondum
1094 1605 1211 1671 emissa
1232 1610 1314 1670 sunt.
1350 1603 1442 1669 Vides

305 1714 412 1773 autem
426 1706 469 1772 ad
484 1705 568 1774 hunc
582 1707 687 1773 locum
701 1715 862 1774 servatum
877 1727 947 1774 esse
959 1707 1164 1774 Homericum
1180 1707 1363 1790 exemplum
1377 1707 1440 1768 rbi

306 1809 347 1874 ab
370 1809 560 1874 Dioscuride
587 1808 805 1876 Aristarchum
828 1816 936 1875 secuto
959 1810 1091 1875 allatum
1113 1808 1162 1885 (fr.
1179 1809 1219 1872 32
1241 1829 1273 1892 p.
1289 1812 1359 1890 111,
1375 1809 1402 1872 6.
1416 1811 1443 1882 7)

230 1965 232 1970 ,
306 1910 348 1975 ed
371 1909 506 1976 eandem
528 1930 596 1976 rem
618 1910 888 1994 comprobandam
911 1911 962 1985 (cl.
983 1931 1080 1994 supra
1094 1912 1274 1994 p.128sq.).
1313 1907 1444 1976 Omnino

306 2031 384 2079 vero
399 2032 466 2078 rem
482 2013 601 2079 evincit
614 2011 774 2079 Athenaei
795 2019 828 2080 et
842 2011 1018 2079 Aristarchi
1040 2015 1073 2078 in
1095 2013 1241 2079 omnibus
1264 2009 1316 2077 his
1337 2005 1443 2094 capiti
1491 2053 1492 2086 ,

305 2115 365 2182 bus
388 2134 568 2182 consensus.
613 2113 717 2194 Quam
745 2116 786 2182 ob
808 2135 875 2182 rem
903 2116 1009 2199 potins
1037 2115 1124 2198 q'nod
1151 2115 1348 2181 subtiliorem
1376 2112 1443 2178 dili-
1491 2111 1492 2180 l

186 2226 189 2232 '
306 2218 447 2300 gentiam
460 2219 610 2301 persequi
626 2219 771 2302 voluerit,
794 2216 978 2285 Aristarcho
998 2217 1168 2303 opprobrio
1184 2223 1355 2298 vertemus,
1378 2235 1443 2280 cum

306 2319 387 2385 nihil
409 2319 602 2386 discriminis
624 2326 776 2386 statueret
800 2321 882 2386 inter
904 2319 1074 2403 magnifica
1095 2319 1245 2385 convivia
1265 2316 1443 2383 Phaeacum

306 2440 536 2506 procerumque
560 2428 591 2487 ct
612 2421 748 2488 Achillis
772 2423 869 2489 solius
892 2441 1004 2488 cenam
1026 2423 1059 2486 in
1080 2421 1215 2486 tentorio
1238 2425 1404 2504 sumptam.

392 2523 474 2587 Tum
497 2530 592 2606 caput
615 2526 652 2586 21
679 2523 726 2598 (fr.
743 2525 795 2600 34)
819 2523 939 2606 optimo
961 2524 1029 2588 iure
1051 2522 1235 2589 Aristarcho
1257 2522 1442 2589 vindicatur.
1492 2583 1493 2614 ρ

307 2625 344 2688 In
359 2643 423 2707 quo
439 2630 549 2689 contra
563 2624 761 2690 Zenodotum
775 2625 826 2690 bis
843 2630 1011 2708 pugnatur,
1036 2632 1068 2690 et
1090 2624 1176 2708 quod
1198 2621 1273 2696 δαὶς
1295 2619 1367 2709 itaq
1389 2642 1442 2706 pro

308 2715 419 2808 ἀγαθή
449 2723 612 2809 habuerit,
642 2732 674 2802 et
700 2726 788 2810 qnod
809 2722 966 2791 ὀἰωνοῖσι
993 2749 1029 2790 τε
1059 2724 1156 2790 detra
1185 2727 1233 2801 (A
1253 2729 1284 2800 5)
1312 2725 1443 2792 vuluerit

307 2827 419 2906 scribi,
448 2847 519 2892 enm
543 2825 617 2902 δαίς
644 2849 707 2895 non
729 2829 770 2895 de
792 2830 921 2912 bestiis,
950 2829 1008 2896 sed
1030 2830 1098 2895 solo
1121 2828 1162 2893 de
1184 2826 1348 2893 hominnm
1376 2827 1442 2893 cibo

308 2930 372 2996 diei
394 2935 558 2996 statuatur.
601 2930 753 2998 Lehrsins
778 2931 906 3014 quidem
929 2931 960 3010 (l.
977 2932 997 2996 l.
1019 2951 1051 3014 p.
1068 2933 1135 3012 87),
1159 2950 1231 2996 eum
1253 2949 1295 2994 ex
1317 2928 1442 2996 scholiis

308 3053 347 3098 ea
362 3032 548 3115 exciderint,
570 3031 808 3100 Aristarcheam
830 3033 1007 3100 doctrinam
1028 3032 1078 3098 his
1100 3032 1249 3115 supplere
1271 3051 1336 3096 non
1358 3031 1441 3096 dubi-

306 3135 398 3200 tavit.
433 3132 522 3211 Quae
537 3153 588 3200 res
603 3153 706 3217 paene
723 3141 809 3201 certa
830 3135 874 3218 fit,
898 3155 970 3201 cum
992 3135 1025 3198 in
1046 3133 1158 3200 codice
1173 3133 1252 3198 Ven.
1267 3133 1297 3197 A
1317 3133 1362 3198 ad
1375 3135 1413 3196 A
1427 3135 1441 3195 5

308 3234 410 3318 διπλῆ
433 3238 684 3322 περιεστιγμένη
714 3243 843 3302 servata
864 3237 920 3321 sit,
949 3255 1044 3318 quam
1072 3229 1159 3316 πρὸς
1180 3231 1369 3320 Ζηνόδοτον
1390 3230 1444 3298 τὸν

309 3333 498 3422 διορθωτὴν
520 3335 695 3402 adhibebat
712 3335 923 3403 Aristarchus.
960 3336 1004 3402 At
1024 3342 1131 3401 tamen
1152 3336 1341 3403 Ludwichio
1363 3356 1443 3404 seru·

308 3442 377 3526 puli
404 3445 621 3506 remanserunt
648 3439 669 3502 l.
685 3438 706 3502 l.
728 3439 761 3503 Π
781 3459 813 3522 p.
829 3439 868 3501 88
891 3437 964 3504 adn.
982 3442 1032 3502 54.
1075 3437 1255 3504 Mirandum
1283 3458 1360 3504 saue
1390 3445 1443 3518 est,

308 3542 395 3624 quod
423 3543 456 3606 in
478 3539 607 3608 scholiis
629 3537 723 3605 huius
750 3541 798 3606 rei
825 3540 979 3606 memoria
1003 3540 1099 3624 plane
1121 3540 1265 3624 periit2),
1294 3540 1352 3606 scd
1381 3540 1443 3623 epi·

308 3649 490 3726 tornatores,
513 3640 599 3725 quod
621 3640 683 3708 hoe
704 3661 831 3725 quoque
853 3642 1081 3726 commiserint,
1103 3648 1190 3708 recte
1212 3642 1443 3708 incusabantur.

395 3813 419 3874 1)
436 3807 478 3862 cf.
497 3807 591 3863 Ludw.
609 3808 655 3864 l.1.
673 3808 687 3862 1
703 3825 730 3878 p.
744 3811 785 3862 60.
799 3811 841 3864 61.

392 3896 419 3960 2)
436 3891 568 3947 Nimirum
584 3910 638 3949 non
650 3893 797 3950 Aristonici
815 3884 859 3950 ὅτι
876 3893 925 3948 sed
939 3893 1106 3948 Athenaeum
1123 3893 1289 3962 excerpentis
1307 3897 1356 3960 eet,
1375 3889 1443 3962 quod

310 3979 406 4047 legitur
423 3979 496 4046 apud
518 3979 720 4046 grammaticum
737 3979 870 4049 quendam
887 3980 914 4033 in
932 3977 1049 4034 Cremeri
1067 3978 1160 4033 anecd.
1183 3977 1268 4033 Paris.
1287 3978 1326 4034 Ν
1343 3995 1370 4048 p.
1384 3983 1441 4032 tbi:

311 4056 355 4122 ὅτι
373 4057 424 4121 οὐκ
442 4061 488 4120 ἐπὶ
505 4065 615 4138 θηρίων
632 4063 705 4137 λέγει
715 4057 840 4139 (Όμηρος
858 4068 948 4129 δαῖτα,
965 4057 1035 4120 ἀλλὰ
1054 4052 1101 4119 ἔπι
1117 4060 1216 4133 μόνον
1233 4056 1405 4134 ἀνθρώπων.
