3018 4736
227 301 269 355 De
286 301 460 358 Dioscuridis
476 307 619 377 περὶτῶν
636 297 826 380 παρ’Ὁμῆρηι
843 298 941 371 νόμων
956 303 1057 359 libello.
1108 375 1112 380 ἱ
1153 304 1213 364 143

60 473 170 538 decim
195 475 313 540 artium
336 511 380 520 -
401 476 430 542 si
451 495 562 544 omnes
584 479 834 562 computaveris,
859 478 970 544 decem
991 484 1023 544 et
1044 484 1116 544 octo
1139 499 1213 544 enn-

59 596 192 643 mcrare
213 579 338 661 poteris
361 615 403 624 -
424 580 562 662 peritum
583 598 619 646 se
639 585 803 664 praestare
824 579 1065 647 demonstratur.
1100 580 1214 663 Neque

61 677 182 744 desunt
209 679 304 762 illae,
334 679 376 745 de
398 681 514 763 quibus
541 681 629 764 apud
650 680 850 746 Athenaeum
872 680 1052 767 Chrysippo
1074 687 1213 764 auctore,

60 779 249 865 Aelianum,
272 781 423 865 Dionem,
444 781 664 848 Aristarchum
684 783 809 866 legitur.
841 781 937 860 Quod
950 783 1094 850 scholion
1109 785 1137 850 si
1150 803 1214 848 non

61 881 100 946 ad
115 883 232 966 ipsum
248 881 469 967 Chrysippum
483 884 685 950 referendum
700 903 771 952 esse
785 886 922 969 putabis,
943 893 1049 952 tamen
1064 906 1106 952 ex
1120 885 1214 952 huius

62 984 304 1068 interpretandi
326 1004 415 1050 more
436 984 596 1068 prodiisse
616 985 712 1053 facile
734 988 900 1054 concedes.

147 1086 285 1152 Deinde
299 1093 408 1152 autem
422 1088 594 1154 stoicomm
610 1089 787 1170 sapientiae
801 1088 940 1171 vestigia
960 1091 1100 1173 reperire
1121 1090 1214 1156 nobis

61 1187 217 1254 videmur
231 1191 266 1254 in
283 1189 341 1270 eis,
364 1209 447 1270 quae
468 1189 510 1255 de
525 1189 617 1256 dirce
633 1196 665 1255 et
679 1190 785 1258 Ulixis
807 1191 903 1257 sociis
924 1197 1090 1256 narrantur
1110 1212 1141 1275 p.
1156 1195 1214 1254 10⁰

59 1292 107 1367 (ir.
125 1295 173 1355 25
197 1313 229 1376 p.
245 1293 479 1373 105,12—15).
512 1291 679 1373 Inquibus
700 1291 840 1359 breviter
861 1294 1030 1360 contractis
1051 1313 1093 1359 ex
1114 1294 1215 1378 ipsius

60 1393 201 1460 Homeri
229 1393 414 1458 narratione
440 1411 527 1458 mere
549 1391 624 1459 ficta
652 1399 684 1459 et
710 1394 858 1461 fabulosa
878 1415 941 1461 non
969 1395 1064 1461 facile
1091 1395 1213 1460 intelle·

64 1501 185 1577 guntur
199 1487 345 1560 verbaz‘
347 1505 421 1570 ταῖς
434 1475 570 1578 ἡδοναῖς
585 1487 948 1580 ἐπακολουθήσαντας.
975 1496 1066 1574 Quae
1080 1501 1115 1561 nt
1129 1503 1214 1562 recte

63 1598 288 1680 explicentur,
319 1591 516 1662 Heraclitum
519 1596 672 1681 prodire
699 1598 881 1664 iubemus
872 1620 905 1663 m
930 1599 1061 1681 aHegor.
1084 1597 1212 1662 Homer.

64 1719 88 1764 c.
100 1703 145 1762 72
172 1697 256 1765 haec
270 1697 454 1765 docentem:
477 1723 494 1764 ο
484 1667 548 1762 ‘di
563 1703 686 1816 Κίρκης
700 1697 820 1766 κυκεών
835 1693 984 1785 ῆιλονῆς’
970 1720 1059 1764 εστιν
1074 1689 1213 1783 ἀγγεῖον,

63 1796 79 1863 δ’
103 1805 268 1876 πίνοντες
297 1799 331 1864 οἱ
353 1793 533 1868 ἀκόλαστοι
555 1798 611 1867 διὰ
632 1805 691 1896 τῆς
719 1800 884 1928 ἐφημέρου
906 1801 1098 1889 πλησμονῆς
1127 1823 1214 1867 συων

65 1892 280 1988 ἀθλιώτερον
300 1905 376 1984 βίον
399 1900 507 1981 ζῶσιν.
544 1900 601 1969 διὰ
622 1907 719 1970 τούτο
743 1905 857 1988 οἱμὲν
874 1896 1103 2024 Ὀδυσσέως(
1088 1917 1215 1988 εταῑροι

61 2003 167 2090 χορὸς
187 1998 283 2080 ὄντες
304 1996 482 2088 ηλίθιος”
462 2030 617 2094 ηττηνται
631 2010 690 2093 τῆς
710 2010 981 2126 γαστριμαργίας.
1013 2030 1033 2091 η
1022 2000 1086 2070 δὲ
1098 1997 1214 2072 Οδυσ-

66 2111 156 2182 σέως
183 2103 348 2194 φρόνησις
376 2103 503 2193 ἐνίκησε
530 2107 589 2196 τῆν
611 2105 705 2192 παρὰ
727 2114 831 2194 Κίρκη
859 2106 996 2194 τρυφήν.
1033 2099 1146 2189 ἇμέλει
1174 2104 1211 2172 τὸ

68 2211 204 2290 πρῶτον
226 2205 262 2273 ἐκ
283 2209 343 2292 τῆς
365 2205 445 2284 νεώς
467 2200 595 2274 ἀνιόντι
611 2209 667 2273 καὶ
682 2210 826 2296 πλησίον
841 2203 913 2274 ύντι
934 2219 1005 2284 τοῖς
1025 2206 1214 2294 προθύροις

4 2387 5 2390 ¹
67 2303 187 2396 Ἑρμῆς
213 2307 411 2396 ἐφίσταται,
439 2312 609 2376 τουτέστιν
637 2306 655 2376 ὃ
685 2309 821 2398 ἔμφρων
850 2308 955 2394 λόγος.
993 2304 1213 2396 ύφιστάμεθα

65 2413 150 2494 γοῦν
177 2409 305 2494 ἐτύμως
336 2403 435 2477 αύτὸν
460 2407 580 2498 Ἑρμῆν
607 2413 766 2498 λέγεσθαι
795 2409 921 2490 παντὸς
947 2414 1007 2477 τού
1036 2416 1213 2495 νοουμένου

67 2510 155 2580 κατὰ
176 2511 286 2600 ψυχῆν
309 2510 449 2600 ἑρμηνέα
469 2511 545 2580 τινὰ
560 2507 651 2582 ὄντα.
687 2518 838 2602 Nequeo
860 2517 971 2583 ultimo
990 2515 1120 2599 quidem
1142 2519 1213 2584 loco

3 2693 4 2697 ρ
67 2618 106 2685 de
130 2618 291 2684 Mercurio
313 2617 489 2700 allegorica
510 2621 633 2687 ratione
656 2627 871 2706 exponuntur,
901 2617 1083 2686 Dioscuridi
1104 2620 1214 2704 ignota

4 2789 5 2794 ,
66 2721 168 2788 inisse
190 2720 285 2786 nobis
307 2739 349 2785 ex
370 2717 422 2785 his
443 2726 528 2788 recte
551 2723 703 2806 colligere
725 2723 880 2805 videmur,
903 2741 986 2805 quae
1007 2721 1096 2805 apud
1116 2721 1212 2790 Athe·

3 2805 5 2848 ⁵
66 2843 187 2888 naeum
201 2843 234 2906 p.
251 2816 306 2884 16¹³
322 2820 363 2886 de
377 2817 532 2907 ἑρμηνείᾳ
546 2824 693 2906 leguntur
709 2825 757 2904 (fr.
771 2828 833 2907 45),
848 2825 1036 2908 praesertim
1047 2844 1117 2888 eum
1133 2823 1213 2890 haec

67 2943 199 3008 quoque
221 2923 420 2990 Heraclitil.
438 2924 459 2988 1.
483 2926 731 3007 comparaveris:
764 2925 893 3008 γλῶττα
923 2917 954 2988 δ’
980 2917 1069 3008 αὐτῷ
1095 2929 1211 3002 θυσία,

3 2911 5 3078 i
65 3024 103 3092 τὸ
128 3023 233 3108 μόνον
248 3021 344 3108 λύγου
365 3025 474 3148 μέρος,
496 3025 551 3090 καί
573 3023 787 3109 τελευταίῳ
773 3025 831 3089 επὶ
851 3023 999 3112 κοίτην’
987 3023 1092 3102 ιόντες
1110 3020 1212 3111 Ἑρμῆ

67 3123 325 3207 σπένδουσιν,
311 3127 385 3190 επεὶ
407 3122 518 3214 πάσης
540 3129 652 3213 φωνῆς
674 3124 763 3192 ἐστιν
785 3117 862 3213 ύρος
883 3117 997 3204 ύπνος.

155 3229 280 3296 Eadem
302 3236 408 3296 antem
431 3228 576 3296 doctrina
596 3229 684 3316 apud
705 3229 918 3314 Porphyrium
946 3230 1092 3313 legitur
1084 3252 1116 3296 m
1138 3230 1208 3296 cod.

3 3299 5 3392 l
66 3334 218 3400 Ambros.
235 3333 265 3394 E
284 3330 327 3396 ad
348 3333 454 3415 7332,
477 3333 529 3398 eui
549 3331 693 3400 scholion
714 3339 840 3417 praeter
859 3332 980 3400 formae
1001 3332 1142 3399 indolem
1157 3335 1210 3398 vel

3 3427 5 3518 ξ
68 3436 146 3502 inde
162 3435 353 3518 vindicatur,
375 3434 493 3518 quod
484 3437 584 3519 ipsius
606 3455 720 3502 nomen
741 3436 774 3501 in
791 3435 905 3502 scholii
920 3436 1008 3502 exitu
1022 3435 1145 3518 citatur,
1167 3435 1209 3501 ad

3 3539 5 3600 ἓ
68 3559 199 3605 versum
220 3533 360 3618 τάμνετε
380 3535 440 3618 μὲν
461 3533 639 3622 γλώσσας]·
662 3559 826 3622 τετραχως
848 3537 987 3622 λέγεται.
1022 3533 1083 3611 τὰς
1103 3534 1210 3620 γλώσ-

3 3609 5 3760 ῆ
71 3663 133 3717 σας
161 3637 223 3725 γὰρ
245 3639 293 3722 τῷ
312 3631 413 3723 Ἐρμῆ
435 3629 612 3704 ἆνετίθουν
634 3633 680 3714 ὥς
708 3635 819 3725 ἒφόρφ
847 3635 1034 3723 τοῦλόγου.
1070 3638 1126 3704 καὶ
1154 3635 1210 3704 ὅτε

3 3763 5 3846 η
71 3741 209 3827 ἔμελλον
224 3741 436 3826 κοιμηθῆναι,
459 3737 561 3804 ἔθυον
575 3737 727 3825 γλώσσας
742 3739 921 3816 δεικνύντες
941 3735 994 3806 ὅτι
1008 3741 1065 3827 τῆς
1086 3735 1209 3826 ἡμέρας

3 3855 5 3910 l
71 3840 310 3930 παρελθούσης
332 3833 369 3906 ού
389 3843 451 3928 χρῆ
467 3839 516 3906 ἔτι
532 3841 651 3922 λαλεῖν,
676 3834 759 3908 ἀλλὰ
774 3839 889 3928 καιρὸν
904 3845 1084 3908 ποιεῖσθαι
1105 3838 1208 3910 ύπνου

4 3959 5 4020 ι
72 3942 157 4030 μετὰ
178 3942 215 4010 τὸ
240 3943 417 4028 δειπνῆσαι
438 3941 496 4030 τὴν
514 3943 621 4024 νύκτα,
644 3946 772 4012 uberius
794 3947 861 4012 iere
884 3965 980 4030 quam
1001 3945 1088 4031 epod
1109 3947 1208 4012 Hera-

3 4038 5 4092 l
72 4050 183 4116 clitum
211 4049 279 4114 fuit.
323 4048 394 4114 Huc
422 4053 529 4114 autem
557 4048 757 4115 referendum
785 4055 833 4116 est
861 4048 1005 4117 scholion
1033 4048 1076 4115 ad
1102 4051 1208 4132 7341,

4 4107 6 4182 l

4 4278 6 4400 l
