3018 4736
755 305 891 361 Robertur
907 305 1008 359 Weber

506 477 665 544 Athenaei
988 475 1161 541 Aristonici
1183 473 1226 539 ad
1249 473 1280 536 Ω
1299 475 1359 536 124

972 577 1021 656 (cf.
1046 575 1156 643 Lehrs.
1179 577 1200 640 l.
1216 576 1237 640 l.
1260 595 1292 659 p.
1308 577 1380 650 127)

299 653 376 728 Ὅτι
386 675 528 748 τροφαῖς
540 661 680 747 ἐχρῶντο
689 657 868 745 <οἱ>ἥρωες

309 755 393 846 παρ’
416 757 546 849 Ὁμήρῳ
575 766 709 848 πρῶτον
738 761 798 843 μὲν
819 763 868 846 τῳ

307 864 498 949 καλουμένῳ
522 859 751 948 άκρατλσμαιι,
775 860 793 927 δ
814 863 867 927 λέ-

308 987 359 1047 γει
385 959 578 1050 άριστον·
608 959 645 1031 οὗ
669 963 782 1041 άνιαξ
809 959 912 1050 ssd-r}
947 964 1050 1050 διπλῆ
1086 961 1139 1030 δτι
1176 955 1289 1040 άνιαξ
1323 966 1377 1030 νῦν
1408 962 1446 1028 έν

308 1089 430 1152 μνηται
459 1063 500 1132 έν
518 1059 738 1151 Ὀδυσσείᾳ
763 1068 866 1143 (τελλ
889 1058 1035 1132 Ἰλιάδι
1057 1067 1113 1130 καὶ
1136 1062 1245 1142 άνταξ
1266 1056 1447 1130 ἐν”Οδυσ-

306 1159 477 1244 (Ὀδυσεὺς
515 1169 570 1232 καλ
608 1166 679 1242 δῖος
720 1162 868 1253 ὑφορβὸς
894 1171 987 1252 σείῳ
1008 1163 1046 1231 τδ
1071 1159 1258 1252 ἄριστον.

309 1261 451 1333 ἒτένοντ’
463 1263 599 1354 άριστον
611 1272 773 1350 κειαμένω
785 1260 864 1353 νεῦρ’

308 1369 363 1432 καὶ
386 1365 495 1445 ἅπαξ
517 1362 769 1450 ένἸλιάδι(Ω
786 1374 867 1446 124)·

352 1466 538 1551 ἐσσυμένως
560 1467 716 1536 ἐπένοντο
737 1475 793 1538 καὶ
816 1469 867 1537 έν-

485 1565 614 1640 τάνοντ’
635 1566 782 1658 ἄριστον.

309 1673 394 1756 λέγει
428 1672 464 1737 δὲ
495 1672 533 1738 τὸ
567 1672 755 1757 νιρωινδν
788 1672 867 1754 έμ-
893 1669 964 1735 έστι
997 1671 1033 1736 δὲ
1065 1669 1102 1736 τὸ
1134 1669 1343 1756 πρωινὸν
1375 1671 1446 1754 έμ-
1490 1685 1491 1706 ¹

307 1777 482 1858 βρωμα,
516 1773 534 1839 ὃ
563 1770 658 1860 ἡμεῖς
692 1767 866 1858 άκρατι-
891 1777 1062 1858 βρωμα.
1118 1775 1191 1856 τρὶς
1225 1771 1288 1857 γὰρ
1323 1770 1447 1860 τροφὰς

309 1872 421 1956 σμὸν
457 1876 617 1958 καλοῦμεν
660 1873 717 1941 διά
756 1874 793 1940 τὸ
832 1873 866 1940 έν
894 1872 1079 1957 ἐλάμβανον
1102 1874 1135 1940 οἱ
1157 1871 1271 1960 ἥρωες.

309 1969 440 2061 άκράτῳ
454 1980 581 2059 βρέχειν
592 1980 647 2043 καὶ
659 1981 867 2061 προσίεσθαι
1095 1993 1148 2058 Ad
1171 2016 1199 2056 π
1214 1997 1249 2058 23

308 2077 459 2162 scopoog.
892 2089 945 2157 άτι
972 2093 1027 2157 ’καὶ
1056 2091 1090 2158 ἒν
1112 2095 1153 2179 τῇ
1177 2085 1294 2158 Ἰλιάδι
1317 2090 1385 2175 ἅμα
1411 2094 1448 2177 τῇ
1491 2111 1492 2180 t

893 2187 1038 2280 άνατολῇ
1054 2192 1238 2259 ἐσθέουσιν.
1267 2191 1375 2272 άτταξ
1390 2193 1446 2260 ἐν-

891 2281 998 2360 θάδε
1026 2292 1064 2360 τὸ
1095 2289 1231 2380 άριστον
1257 2299 1314 2362 καὶ
1343 2294 1383 2362 ἒν
1402 2298 1447 2381 τῇ

887 2389 1043 2462 Ἰλιάδι.
1059 2399 1099 2463 Η.
1120 2399 1170 2474 (ef.
1183 2400 1294 2464 etiam:
1314 2396 1374 2484 τὴν
1388 2396 1446 2462 ἑω-

890 2495 991 2583 θινὴν
1011 2495 1138 2584 τροφὴν
1160 2495 1199 2583 ἥν
1216 2522 1304 2575 τινες
1327 2492 1446 2583 άκρα·

890 2595 1034 2680 τισμδν
1056 2598 1215 2683 λέγουσιν.
1245 2601 1305 2676 B.).

307 2701 397 2780 Quae
420 2708 526 2768 autern
543 2701 744 2769 Aristarchus
767 2702 808 2768 de
832 2700 882 2768 his
904 2701 1062 2768 docuerit:
1086 2699 1238 2788 δεύτερον
1255 2701 1291 2767 δὲ
1310 2699 1444 2786 ἐχρῶντο

289 2805 354 2887 τῳ
376 2803 564 2888 καλουμένῳ
588 2794 723 2889 άρίστῳ,
751 2801 769 2868 δ
794 2803 880 2887 λέγει
903 2801 1048 2883 δεῖπνον,
1071 2807 1183 2887 τρίτον
1207 2802 1242 2868 δὲ
1264 2805 1312 2886 τῷ
1333 2803 1446 2867 καλου-

305 2908 394 2991 μένῳ
417 2905 559 2991 δελνινῳ,
588 2901 607 2970 ὃ
630 2905 717 2990 λέγει
740 2903 882 2987 δόρνιον,
912 2926 1105 2989 quamquam
1133 2903 1195 2970 hoo
1221 2905 1351 2988 quidem
1379 2907 1445 2970 loco

306 3010 364 3074 vix
385 3008 585 3076 Dioscuridis
607 3008 725 3092 ipsius,
755 3008 813 3075 sed
834 3007 992 3073 Athenaei
1014 3008 1067 3072 vel
1089 3007 1335 3090 epitomatorum
1357 3008 1447 3089 culpa

306 3111 482 3193 perierunt,
516 3116 644 3176 servata
673 3115 746 3176 sunt
774 3111 815 3175 ab
844 3110 1025 3176 Aristonico
1054 3107 1097 3173 ad
1124 3112 1162 3170 A
1184 3109 1234 3172 86.
1259 3110 1337 3192 730,
1369 3109 1445 3190 pro

307 3212 358 3289 (cf.
387 3210 497 3277 Lehrs.
527 3211 548 3275 l.
570 3212 591 3275 1.
615 3232 647 3294 p.
666 3212 748 3289 127).
797 3209 856 3276 Oui
885 3209 1110 3276 Aristarcheae
1138 3209 1315 3275 sententiae
1344 3208 1445 3273 Phile·

306 3313 409 3378 monis
432 3311 603 3395 opponitur
625 3311 666 3377 de
689 3317 837 3394 quattuor
859 3311 1038 3378 Homericis
1061 3311 1147 3376 conis
1170 3311 1296 3394 opinio,
1325 3331 1389 3394 qua
1408 3305 1443 3372 ιδ

307 3409 450 3477 δειλινόν
472 3411 601 3476 additur
623 3433 664 3478 ex
686 3433 716 3476 v.
733 3435 752 3493 ρ
769 3414 845 3476 599:
865 3407 918 3474 ‘od
942 3404 973 3474 d'
993 3408 1083 3494 ἐ’ρχεο
1107 3403 1319 3495 δειελιήσας’.
1353 3411 1444 3476 Deni-

307 3534 368 3596 que
385 3514 464 3580 duas
479 3519 601 3578 tantum
616 3512 772 3596 quosdam
787 3533 912 3578 sumere
934 3512 1066 3578 heroum
1081 3532 1176 3580 cenas
1190 3519 1328 3580 excunte
1344 3513 1444 3596 capite

307 3613 356 3680 his
371 3615 478 3680 verbis
494 3614 742 3680 demonstratur:
764 3611 895 3699 μήποτε
918 3612 953 3677 δὲ
973 3615 1029 3678 καὶ
1053 3627 1236 3696 συνωνυμεῖ
1256 3611 1294 3678 τὸ
1313 3607 1444 3700 ἄριστον

306 3716 353 3798 τῷ
369 3712 494 3798 δείπνῳ
508 3715 576 3779 κτλ.
605 3717 677 3788 Huc
690 3735 748 3782 nos
762 3716 925 3782 remittunt
940 3714 1020 3782 haec
1035 3716 1135 3782 verba
1149 3736 1191 3782 ex
1202 3714 1361 3782 Athenaei
1375 3713 1444 3781 libri

307 3816 408 3899 quinti
430 3817 536 3900 capite
552 3821 592 3881 20
615 3818 817 3902 deprompta,
840 3816 927 3900 quod
949 3823 1044 3902 caput
1065 3817 1294 3884 Dioscurideae
1317 3816 1443 3901 originis

306 3937 377 3984 esse
392 3916 552 3984 Brunkius
568 3921 788 4003 comprobavit
808 3940 840 4003 p.
855 3921 910 3984 19:
933 3912 1048 3993 δσάκις
1070 3916 1106 3981 δὲ
1126 3919 1182 3983 καὶ
1197 3916 1325 4005 τροφάς
1347 3915 1443 4000 ἐλάμ-

305 4023 407 4102 βανον
427 4017 494 4082 κτλ.
518 4019 565 4095 (fr.
577 4022 618 4083 29
640 4042 671 4105 p.
686 4024 756 4104 109,
772 4023 918 4096 21—27).
952 4019 1074 4097 Quibus
1089 4021 1196 4086 verbis
1211 4020 1442 4088 Aristarchearn
