3008 4734
215 303 257 358 De
274 301 447 372 Dioscuridis
465 305 532 372 περὶ
548 305 607 358 τῶν
624 296 693 375 παρ’
706 295 815 377 Ὁμήρῳ
832 297 930 370 νόμων
946 300 1044 355 libello.
1141 298 1201 356 123

66 497 166 544 corum
186 475 288 543 vitam
316 494 484 559 moresque
513 475 689 558 diligenter,
714 472 921 559 exponendos
950 473 1106 562 suscepit,
1136 473 1201 538 alia

66 579 144 642 illius
158 577 312 644 leocratei
333 576 479 660 rhetoris,
503 579 558 660 qui
574 583 608 642 ut
621 577 795 642 Homerum
817 575 1035 640 temulentiam
1057 575 1200 640 insaniae

66 699 166 762 parem
196 679 398 746 existimasse
426 679 661 762 comprobaret,
692 697 819 743 versum
848 677 1007 758 quendam
1028 675 1124 741 lliadi
1154 677 1199 740 in·

65 781 154 846 seruit
175 801 196 845 a
217 799 253 846 se
275 781 346 863 ipso
368 777 528 844 inflexum.

141 881 177 947 Si
198 887 307 948 autem
328 881 493 948 miraberis
515 881 548 945 in
568 879 727 946 Athenaei
750 881 891 962 epitoma
912 881 1008 964 plane
1031 879 1200 946 evanuisse

66 989 93 1048 et
118 1002 234 1048 nomen
261 989 293 1048 et
314 983 457 1064 titulum,
487 982 670 1048 meminisse
698 982 838 1065 iuvabit,
869 980 983 1064 quibus
1012 982 1098 1046 tertii
1126 981 1201 1046 libri

67 1085 214 1168 exemplis
229 1085 390 1151 Wissowa
400 1085 422 1161 ¹)
445 1083 718 1165 demonstraverit,
742 1101 838 1165 quarn
855 1083 1029 1165 neglegens
1050 1083 1147 1147 fuerit
1168 1082 1200 1145 in

16 1221 17 1224 =
67 1183 109 1250 his
129 1185 223 1251 rebus
246 1183 405 1250 Athenaei
428 1191 604 1267 excerptor.
639 1183 767 1267 Optime
788 1203 865 1250 vero
888 1185 993 1266 ipsum
1015 1177 1200 1249 Kaibelium

67 1285 236 1351 inducimus
259 1286 475 1368 disputantem
502 1284 544 1350 de
566 1287 726 1368 epitomae
755 1284 863 1351 indole
886 1290 918 1350 et
939 1284 1003 1350 fide
1034 1285 1078 1362 (in
1100 1284 1199 1369 praei.

67 1387 152 1452 vol.I
173 1389 306 1471 p.v111):
334 1379 531 1452 ‘Athenaeus
560 1387 588 1452 si
617 1386 725 1468 legere
752 1387 908 1469 potuisset
937 1387 1115 1468 epitomen,
1145 1386 1202 1450 vix

67 1487 128 1569 ipse
148 1507 183 1553 se
193 1493 388 1570 cognosset:
419 1507 499 1570 quos
521 1487 690 1552 ambitiose
718 1487 774 1553 ille
803 1487 837 1550 in
864 1487 1080 1552 testimonium
1107 1506 1200 1552 voca-

68 1595 149 1654 verat
169 1589 340 1672 scriptores
362 1589 561 1670 innumeros,
585 1608 695 1654 eorum
717 1588 908 1670 epitomator
929 1588 1060 1653 nomina
1081 1587 1201 1668 saepis-

69 1689 148 1772 sime,
169 1689 322 1755 librorum
345 1691 453 1756 titulos
476 1691 543 1756 fere
565 1709 692 1772 semper
713 1679 868 1754 sustuht'.

16 1869 17 1872 Ἴ
143 1791 227 1873 Ergo
249 1791 472 1858 Dioscuridem
494 1791 620 1856 interim
641 1809 859 1874 nuncupemus
882 1789 976 1855 huius
998 1789 1105 1872 operis
1127 1807 1202 1852 auo·

16 1893 17 1950 }
69 1897 168 1956 torem.
205 1889 269 1968 Qui
290 1911 331 1956 ne
353 1890 414 1958 hoc
429 1913 514 1959 vano
528 1892 657 1958 nomine
671 1890 836 1974 praeditus
851 1896 988 1972 maneat,
1012 1889 1071 1956 sed
1092 1889 1201 1972 aliquo

16 2027 17 2038 κ
69 1991 152 2058 modo
174 2012 238 2058 una
261 2012 332 2058 oum
355 1992 468 2060 studiis
491 1994 557 2060 suis
578 2012 662 2058 nunc
683 1993 873 2076 revivescat,
896 1991 930 2057 di
952 1991 1079 2058 donent.

16 2091 17 2096 ’
143 2095 191 2158 De
206 2093 342 2158 Brunhii
360 2093 583 2160 dissertatione
605 2099 704 2160 restat
725 2100 760 2158 ut
781 2094 935 2159 iudicium
948 2093 1097 2158 teramus.
1132 2090 1203 2168 Qua

70 2214 131 2259 cnm
146 2195 223 2261 olim
238 2194 422 2260 viderentur
435 2194 542 2276 fruges
558 2213 628 2260 esse
645 2193 820 2275 demessae,
843 2201 949 2259 tamen
964 2193 1202 2277 proficientibus

69 2297 150 2362 nobis
171 2297 205 2360 in
227 2295 277 2361 his
300 2294 414 2361 studiis
442 2295 545 2376 magis
567 2296 733 2377 magisque
756 2295 903 2360 elucebat
930 2293 1055 2359 aditum·
1080 2298 1202 2358 tantum

70 2395 112 2462 his
132 2398 226 2463 rebus
249 2395 412 2462 solvendis
435 2415 507 2460 eum
528 2395 680 2478 pandisse
710 2402 741 2462 et
769 2397 802 2460 in
831 2395 941 2460 limine
969 2395 1140 2477 restitisse,
1170 2401 1204 2460 ut

70 2517 142 2562 nunc
156 2497 248 2563 nobis
263 2516 327 2561 non
342 2502 408 2561 tam
422 2496 595 2562 racematio
611 2516 707 2578 quam
726 2497 840 2562 messis
862 2501 912 2562 sat
932 2497 1042 2579 ampla
1056 2496 1203 2562 videatur

16 2623 17 2628 ¹
71 2617 132 2664 esse
146 2599 266 2663 relicta.
301 2579 433 2663 Summa
447 2605 554 2684 autem
570 2597 650 2664 haec
664 2599 731 2664 iere
747 2604 795 2664 est
810 2597 944 2663 Brunkii
961 2597 1202 2679 dissertationis,

71 2718 125 2780 quo
146 2698 352 2766 fundamento
374 2701 436 2766 nisi
464 2706 604 2765 nostram
633 2719 860 2783 componamus
889 2701 1202 2765 commentationem:

72 2819 269 2882 quaecunque
291 2802 324 2866 in
345 2803 449 2885 primo
463 2800 622 2866 Athenaei
644 2801 727 2865 libro
749 2801 791 2866 de
806 2801 1047 2866 Homerioorum
1070 2799 1204 2864 heroum

16 2919 17 2922 ¹
71 2902 129 2967 vita
153 2923 192 2968 ac
220 2903 361 2968 moribus
390 2907 624 2982 enarrarentur,
658 2921 697 2966 ea
725 2902 832 2966 omnia
860 2921 901 2965 ex
930 2900 1044 2966 eodem
1072 2899 1204 2966 fluxisse

71 3002 179 3068 libello.
225 3001 318 3079 Quod
340 3009 375 3066 ut
396 3003 670 3084 comprobaretur,
699 2998 883 3066 Plutarchei
912 3000 1137 3065 succurrebant
1163 3019 1204 3065 ex

72 3105 302 3184 quaestionibus
325 3103 547 3168 convivalibus
568 3103 712 3167 nonnulli
734 3101 808 3182 loci,
832 3120 911 3183 quos
928 3098 1125 3166 Schraderus
1148 3101 1168 3164 l.
1181 3102 1202 3165 l.

72 3205 268 3271 indicaverat.
312 3203 397 3268 Dein
425 3223 466 3269 ex
488 3200 831 3270 Pseudo-Plutarcheo
859 3201 938 3279 περὶ
965 3201 1024 3264 τοῦ
1050 3195 1126 3283 βίου’)
1148 3201 1203 3264 καὶ

71 3305 120 3388 τῆς
140 3303 309 3391 ποιήσεως
327 3297 468 3388 Ὁμήρου
490 3305 600 3370 libello
616 3303 774 3387 quaedam
789 3303 895 3388 capita
917 3303 1109 3380 (noe—209)
1132 3322 1203 3367 cum

73 3405 115 3473 his
148 3407 307 3473 Athenaei
344 3406 596 3471 enarrationibus
637 3406 820 3489 conspirare
855 3408 942 3469 reete
978 3402 1205 3469 animadvertit

74 3507 469 3590 (p.10sqq.17sqq.2l).
518 3507 666 3590 Denique
694 3506 794 3572 multa
822 3505 903 3570 inter
932 3523 1002 3570 sese
1031 3502 1204 3569 cohaerere

73 3607 139 3674 inde
165 3609 323 3692 imprimis
355 3607 599 3691 demonstravit,
633 3607 719 3690 quod
748 3613 834 3673 certa
861 3607 895 3670 in
923 3604 972 3670 his
999 3605 1095 3670 rebus
1123 3605 1204 3672 ratio

74 3711 273 3792 cognoscitur,
296 3728 359 3790 qua
373 3709 511 3793 primum
532 3707 574 3774 de
597 3707 747 3774 heroibus
769 3705 893 3789 aliquid
908 3706 1063 3787 statuitur,
1086 3704 1204 3770 deinde

74 3859 265 3872 *—

99 4023 115 4076 h
151 3945 174 4008 1)
188 3935 242 3995 ‘De
258 3941 391 3996 Athenaei
407 3943 515 4011 epitom.
533 3932 676 3995 observat?
693 3939 722 3992 in
741 3939 916 3993 commentat.
934 3939 963 3991 in
979 3937 1075 3993 honor.
1092 3935 1204 3991 Reiffer-

74 4037 99 4076 sc
116 4023 175 4080 eidii
191 4043 218 4096 p.
232 4030 274 4082 23.
