3018 4736
289 310 349 370 146
735 309 870 364 Robertus
888 307 989 364 Weber

396 484 544 558 Sirenum
566 501 662 548 voees
685 487 718 547 et
739 480 851 547 Circae
873 481 990 564 pocula
1010 484 1111 548 nosti:

396 579 487 658 Quae
509 584 537 649 si
560 603 631 676 oum
655 582 750 650 sociis
772 582 924 648 stultus
945 582 1188 666 cupidusque
1210 582 1353 666 bibisset,

395 683 461 751 Sub
484 684 614 751 domina
634 683 847 750 meretrice
869 683 982 749 fuisset
1002 683 1104 767 turpis
1127 689 1160 749 et
1180 702 1302 766 excors,

394 785 537 853 Vixisset
558 787 646 852 canis
669 784 849 852 immundus
871 785 925 850 vel
946 786 1051 850 amica
1072 785 1140 850 luto
1162 804 1225 851 sus.

289 887 375 954 Illud
399 878 540 954 ‘stultus'
565 889 647 954 bene
676 887 909 972 explicabimus
939 886 1048 952 verbis
1075 885 1285 952 Heraclitcis:
1315 884 1348 950 οἱ
1375 883 1438 966 μὲν

288 985 471 1064 Ὀδυσσέως
499 985 627 1074 ἑταῖροι
646 985 746 1073 χορὸς
774 980 866 1063 ὄντες
894 979 1048 1072 ἠλίθιος,
1076 987 1226 1054 Dioneis:
1255 978 1438 1070 ἅνθρωποι

291 1083 436 1177 ἀνόητοι,
458 1087 830 1157 Pseudo-Plutarcheis:
854 1081 998 1174 ἄφρονες
1021 1081 1211 1173 ἅνθρωποι,
1234 1088 1316 1154 illud
1334 1082 1438 1171 ‘cupi-

290 1183 363 1260 dus'
389 1191 548 1258 Athenaei
570 1192 692 1258 verbis:
714 1200 789 1264 ταῖς
810 1182 945 1272 ἡδοναῖς
968 1186 1312 1275 ἐπακολουθήσαντες.
1343 1189 1438 1257 Circe

290 1300 397 1360 autem
421 1287 566 1360 ‘domina
586 1287 754 1359 meretrix'
778 1283 898 1375 ἡδονῆς
928 1293 1178 1377 explicationem
1200 1299 1250 1360 sat
1272 1292 1360 1360 clare
1381 1291 1436 1357 dc·
1497 1322 1498 1410 ρ

290 1400 453 1462 monstrat.
1497 1429 1498 1432 π

375 1497 484 1563 Tertio
506 1496 578 1562 loeo
599 1497 881 1580 peripatetica
895 1495 1012 1561 scrinia
1027 1495 1198 1578 diripuisse
1212 1494 1436 1562 Dioscuridem

291 1602 325 1665 in
349 1596 578 1666 conscribendo
600 1598 711 1665 libello
734 1604 769 1663 ut
790 1596 1032 1680 comprobemus
1055 1598 1088 1662 in
1109 1597 1216 1663 animo
1240 1603 1299 1664 est.
1343 1595 1435 1674 Quod

290 1704 413 1767 lucrum
427 1705 462 1765 ut
476 1700 640 1781 faciamus,
663 1698 876 1766 Dioscorides
890 1699 978 1781 apud
991 1698 1194 1765 Athenaeum
1208 1700 1229 1764 l.
1244 1699 1261 1763 Ι
1276 1699 1384 1782 capita
1396 1701 1434 1760 17

292 1809 325 1868 et
342 1804 382 1866 18
405 1801 606 1883 subveniunt,
628 1802 662 1865 in
684 1799 800 1883 quibus
821 1798 862 1866 de
877 1801 946 1865 vini
966 1800 1054 1886 apud
1068 1800 1242 1866 Homerum
1263 1820 1325 1866 usu
1345 1818 1437 1864 accu-

291 1904 391 1969 ratius
413 1903 527 1984 agitur.
561 1903 658 1968 Plura
680 1903 713 1967 in
735 1922 762 1967 c.
781 1904 818 1964 17
842 1902 1025 1985 conspirare
1051 1922 1124 1968 cum
1145 1900 1320 1986 Porphyrii
1341 1920 1438 1984 quae·

291 2004 447 2071 stionibus
474 2001 654 2069 Homericis
681 2003 725 2068 ad
745 2008 784 2066 Λ
799 2005 861 2067 623
884 2009 916 2069 et
937 2007 969 2064 Z
981 2005 1043 2068 265
1073 2003 1208 2069 servatis
1238 2001 1439 2068 Schraderus
1499 2020 1500 2100 ρ

291 2103 518 2172 animadvortit
538 2104 559 2168 l.
576 2105 597 2169 l.
613 2124 644 2187 p.
662 2107 738 2186 375,
760 2111 796 2170 nt
816 2104 1017 2171 Dioscuridis
1039 2123 1120 2189 opus
1144 2138 1181 2148 -
1199 2105 1350 2170 nimirum
1372 2104 1440 2169 Iso·

271 2191 432 2274 ’crateum
454 2225 527 2272 eum
550 2202 661 2270 habuit
685 2239 722 2250 -
747 2209 829 2272 inter
858 2226 913 2274 eos
942 2206 1042 2272 libros
1069 2225 1140 2272 esse
1167 2213 1328 2288 censeret,
1359 2225 1440 2289 quos

291 2308 488 2394 Porphyrius
511 2307 544 2370 in
566 2307 794 2390 componendis
817 2308 1057 2391 quaestionibus
1071 2307 1272 2375 adhibuisset
1293 2313 1336 2392 (p.
1354 2310 1440 2383 376).

290 2412 367 2476 Alia
387 2415 495 2474 autem
517 2427 600 2490 quae
622 2410 655 2473 in
678 2407 727 2474 his
750 2411 909 2493 capitibus
935 2417 1103 2475 narrantur
1123 2412 1219 2476 etiam
1245 2410 1384 2494 proferri
1405 2410 1440 2474 in
1500 2370 1501 2456 t

291 2509 456 2576 Plutarchi
479 2509 700 2590 quaestionum
716 2511 932 2575 convivalium
946 2511 1146 2592 problemate
1161 2512 1182 2575 l.
1199 2511 1227 2574 V
1250 2517 1364 2594 quarto
1378 2531 1437 2576 nos

292 2611 428 2678 subinde
449 2608 747 2676 demonstrabimus.
791 2611 828 2675 In
851 2629 914 2694 quo
944 2613 1088 2692 quaestio
1111 2612 1270 2695 quaedam
1299 2613 1436 2696 agitatur

291 2717 368 2777 nota
390 2729 431 2776 ex
445 2709 627 2776 Aristotelis
642 2717 711 2777 arte
734 2712 862 2794 poetica
883 2713 921 2790 (c.
937 2713 1001 2794 25),
1024 2713 1102 2795 quid
1124 2713 1185 2780 sibi
1206 2715 1308 2780 velint
1329 2712 1437 2779 Achil·

291 2815 331 2880 lis
347 2812 446 2878 verba
467 2813 499 2887 (Ι
512 2812 585 2888 203)
605 2804 800 2895 “ζωρότερον
814 2805 965 2898 κέραιρε’,
988 2815 1104 2897 quibus
1119 2817 1302 2882 Patroclum
1315 2836 1437 2882 merum

292 2913 460 2981 infundere
482 2913 599 2978 iubeat.
644 2914 736 2980 Duae
759 2916 845 2980 enim
866 2918 1041 2982 solutiones
1063 2917 1127 2982 iam
1149 2919 1332 2984 Aristotelis
1360 2925 1437 2983 tem·

292 3016 425 3100 poribus
440 3015 755 3082 circumferebantur:
778 3017 833 3081 aut
855 3014 892 3082 τὸ
914 3011 1108 3104 (ζωρότερον
1131 3017 1167 3082 δὲ
1181 3016 1320 3105 κέραιρε)
1339 3011 1377 3084 οὗ
1398 3019 1438 3083 τὸ

293 3110 446 3202 ἄκρατον,
468 3109 514 3191 ὥς
537 3113 738 3202 οἰνόφλυξιν,
762 3108 847 3181 ἀλλὰ
868 3116 906 3183 τὸ
929 3121 1069 3184 θᾶττον.
1112 3120 1204 3186 Hanc
1219 3127 1326 3186 autem
1342 3140 1437 3204 quae-

293 3221 429 3285 stionem
444 3217 643 3302 Porphyrius
665 3239 792 3302 quoque
814 3223 963 3286 t1·actavit
984 3221 1027 3287 ad
1049 3224 1154 3305 1203,
1177 3242 1272 3304 quem
1288 3242 1353 3287 nna
1367 3243 1438 3288 eum

294 3318 467 3386 Plutarcho
480 3318 594 3385 eodem
609 3321 697 3386 fonte
708 3339 800 3386 usum
812 3339 883 3387 esse
895 3320 1091 3388 Schraderus
1104 3324 1123 3386 l.
1135 3323 1156 3386 l.
1169 3343 1200 3405 p.
1214 3325 1285 3388 373.
1298 3325 1358 3387 421
1368 3343 1437 3406 sqq.

294 3421 524 3504 comprobavit,
539 3421 749 3504 peripatetico
765 3423 821 3487 illo
833 3423 1026 3488 solutionum
1042 3444 1184 3507 corpore,
1197 3424 1284 3507 quod
1295 3427 1436 3508 complu·

294 3523 358 3588 ries
377 3524 704 3589 commemoravimus.
737 3523 851 3606 Neque
865 3525 941 3590 licet
955 3526 996 3590 de
1012 3524 1074 3592 hac
1088 3527 1217 3608 quidem
1231 3547 1265 3594 re
1281 3527 1437 3594 dubitare.

295 3701 398 3773 συνέβη
419 3703 463 3768 (cf.
481 3704 577 3760 Horat.
595 3707 613 3760 l.
626 3705 644 3759 l.
663 3720 687 3760 r.
698 3709 803 3772 6—16),
826 3708 874 3762 καὶ
890 3706 922 3762 ἐν
939 3710 975 3778 τῇ
991 3699 1143 3784 Ὀδυσσείᾳ,
1168 3699 1249 3774 ὅσοις
1266 3703 1369 3775 πόνοις
1389 3717 1438 3768 καὶ

294 3781 432 3852 κινδύνοις
449 3783 611 3859 περιπεσὼν
629 3782 645 3846 ὅ
663 3781 804 3856 Ὀδυσσεὺς
821 3786 938 3847 πάντων
950 3796 986 3864 τῇ
1003 3796 1052 3864 τῆς
1070 3795 1161 3864 ψυχῆς
1178 3793 1288 3850 συνέσει
1303 3797 1354 3851 καὶ
1369 3815 1437 3869 καρ-

295 3872 374 3948 τερίᾳ
386 3871 565 3946 περιεγένετο
579 3874 624 3938 (cf.
638 3890 662 3929 v.
674 3879 792 3942 17-26).
820 3874 854 3930 cf.
869 3875 1064 3946 PorphyrIonis
1076 3877 1281 3933 vernaculae:
1296 3872 1342 3934 ‘In
1352 3879 1436 3936 Iliade

294 3957 364 4012 enim
387 3956 505 4010 ostendit
529 3958 594 4013 uitia
617 3961 767 4024 hominum,
791 3960 820 4013 in
843 3958 957 4029 Odyssia
979 3977 1028 4030 per
1050 3960 1136 4016 Ulixis
1159 3978 1301 4031 personam
1325 3964 1436 4021 virtutes

293 4031 478 4096 demonstrat'
