3018 4736
262 291 330 360 182
714 292 850 348 Robertus
867 291 968 348 Weber

265 463 478 549 philosophos
501 485 542 532 ex
557 464 697 532 Homero
713 483 787 532 suas
810 464 971 532 dochinas
987 461 1162 529 deduxisse
1180 461 1422 544 comprobatur.

266 565 445 632 Democriti
467 567 552 634 enim
567 565 718 650 exemplo
732 565 831 632 allato
847 564 929 634 haec
943 570 1105 632 secuntur:
1130 556 1250 638 ἄλλους
1273 559 1309 626 δὲ
1329 560 1423 626 πλα-

266 668 432 752 νηθέντας
453 669 533 746 (scil.
554 665 606 732 δεῖ
625 667 872 753 μνημονεῦσαι),
895 662 929 732 ἐν
952 661 1002 742 οίς
1025 662 1148 740 ἐκεῖνος
1170 656 1228 746 οὐχ
1250 655 1421 746 ἑλόμενος,

266 760 353 832 ἀλλὰ
374 765 462 855 πρὸς
483 765 542 834 τὸν
564 772 830 855 παραπίπτοντα
851 763 967 848 καιρὸν
983 761 1206 853 ἁρμοζόμενος
1226 767 1296 831 τισὶ
1318 789 1422 848 περι-

266 873 397 957 έθηκεν,
421 866 496 936 ἐπεί
516 874 588 956 ye1)
604 864 622 936 o‘
635 861 812 946 Ὀδυσσεὺς
826 861 909 955 παρ’
925 860 1087 955 Ἀλκινόῳ
1104 865 1321 950 κατεχόμενος
1335 861 1422 953 ἡδο-

268 975 403 1059 παθείηι
423 973 479 1038 καί
500 975 610 1060 τροφῇ
631 975 816 1059 κεχρημένῳ
838 967 925 1058 πρὸς
949 968 1046 1058 χάριν
1069 962 1160 1055 αὐτῷ
1183 967 1421 1054 διαλεγόμενος

267 1071 344 1162 ἔφη,
364 1065 417 1140 (οὗ
440 1071 502 1159 γὰρ
525 1066 638 1159 b'yurye'
657 1075 724 1140 κτλ.
748 1078 773 1155 (ι
789 1076 916 1159 5-11),
939 1073 1053 1158 quibus
1075 1072 1265 1158 Megaclidis
1287 1073 1420 1158 peripa-

266 1177 357 1244 tetici
368 1179 392 1256 ²)
413 1178 569 1244 rationem
583 1177 756 1261 perstringi
770 1183 867 1261 patet.
905 1177 989 1243 Dein
1004 1174 1086 1244 haec
1100 1182 1262 1244 secuntur:
1283 1171 1421 1250 τούτοις
1502 1201 1503 1206 ’

268 1278 460 1363 παραχθεὶς
481 1279 537 1344 καὶ
554 1269 746 1363 Ἐπίκουρος
767 1275 826 1364 τὴν
848 1272 970 1364 ἡδονὴν
991 1276 1085 1353 τέλος
1106 1268 1320 1358 εὐδαιμονίας
1343 1273 1419 1342 ἐνό-
1502 1289 1503 1330 ῑ

268 1399 357 1462 μισε.
401 1378 488 1457 Quas
516 1399 567 1446 res
596 1399 668 1446 oum
698 1379 826 1445 omnino
855 1381 1027 1447 stoicorum
1054 1379 1246 1464 sapientiam
1275 1399 1355 1463 prae
1381 1399 1419 1446 se

267 1482 381 1565 ferant,
403 1482 560 1548 Heracliti
581 1481 808 1564 allegoriarum
830 1501 857 1547 c.
875 1485 914 1544 75
936 1501 1107 1565 consensu,
1130 1500 1214 1566 quae
1228 1479 1359 1564 quidem
1372 1479 1418 1548 ad

268 1581 442 1667 Epioumm
459 1587 612 1667 spectent,
636 1602 678 1649 ex
693 1583 794 1650 stoico
816 1583 873 1648 illo
889 1602 1022 1668 corpore
1038 1582 1245 1668 depromptas
1262 1601 1333 1648 esse
1348 1602 1416 1648 om-

267 1685 363 1750 nibus
385 1685 611 1769 probabitur.³)
653 1685 739 1768 Ergo
761 1685 803 1750 ab
834 1685 935 1752 stoico
957 1685 1096 1768 quodam
1118 1683 1199 1750 haec
1221 1683 1352 1767 quidem
1374 1683 1416 1750 de

268 1785 409 1869 Epicuro
431 1787 578 1871 accipere
606 1787 711 1869 potuit
732 1786 955 1870 Dioscorides,
984 1806 1078 1870 quem
1100 1806 1135 1852 re
1156 1786 1294 1870 probata
1319 1787 1418 1850 etiam

268 1887 412 1970 corporis
434 1888 520 1953 illius
543 1893 653 1955 auctor
682 1888 843 1971 expilasse
872 1888 1049 1956 censendus
1077 1893 1170 1956 esset.
1214 1885 1419 1971 Quamquam

268 1993 356 2054 certe
384 1985 573 2071 Megaolidis
605 1989 809 2074 peripatetici
841 1990 1031 2057 solutionem
1065 2010 1106 2056 ne
1138 1990 1172 2055 in
1203 1989 1418 2074 peripatetico

270 2087 400 2172 quidem
427 2109 525 2174 opere
550 2089 690 2158 defuisse
714 2093 920 2174 suspicamur.
957 2092 1041 2158 Nam
1063 2090 1262 2177 Porphyrius
1289 2110 1419 2173 qnoque

268 2189 313 2256 ad
336 2194 394 2275 ι5,
424 2192 475 2258 cui
498 2190 532 2256 id
559 2189 704 2258 scholion
726 2193 891 2260 vindicare
913 2213 1005 2260 nemo
1030 2192 1204 2278 dubitabit,
1227 2191 1419 2276 Megaclidis

269 2292 461 2359 solutionem
483 2295 629 2376 quamvis
651 2295 777 2362 nomina
792 2315 856 2363 non
878 2295 1008 2364 laudato
1030 2296 1179 2363 servavit.
1224 2295 1314 2362 Haec
1334 2295 1419 2362 enim

269 2394 303 2460 in
326 2393 438 2461 codice
457 2394 489 2459 H
511 2401 596 2462 sunt:
627 2393 740 2462 λύεται
769 2395 805 2462 δὲ
834 2389 985 2463 ἀπὸτοῦ
1012 2394 1207 2482 προσώπου.
1252 2393 1339 2481 πρὸς
1362 2393 1419 2472 οὓς
1503 2443 1504 2468 ,

269 2493 333 2578 γάρ
355 2515 467 2581 φησιν,
492 2487 585 2560 αὐτοὶ
608 2480 692 2582 ἦσαν
715 2495 898 2585 φάσκοντες
917 2493 998 2563 εαἰεί
1021 2495 1055 2562 δ’
1078 2490 1165 2582 ἡμῖν’
1185 2535 1227 2545 -
1241 2499 1308 2562 ταῖν
1330 2494 1417 2583 πρὸς
1468 2548 1472 2557 -
1503 2581 1504 2586 ¹

271 2587 421 2676 εὐωχίαν.
466 2594 555 2674 Quae
577 2599 714 2681 amplius
743 2599 776 2664 in
798 2599 910 2666 codice
931 2601 959 2666 T
981 2601 1027 2666 ita
1048 2606 1248 2683 enarrantur,
1279 2606 1314 2667 ut
1344 2621 1417 2668 cum

270 2697 351 2780 ipsis
373 2696 572 2764 Dioscuridis
594 2699 701 2766 verbis
724 2701 802 2768 satis
824 2707 1012 2784 congruant:

341 2813 513 2898 Porphyrii
535 2821 607 2882 sunt
627 2817 671 2883 ad
695 2823 756 2884 ab:
927 2819 1086 2888 Athenaei
1107 2820 1172 2886 ΧΠ
1186 2843 1217 2908 p.
1233 2820 1344 2888 5131’0:

271 2907 309 2980 οὗ
339 2912 474 2992 πάντως
502 2907 747 3001 ἀποδεχόμενος
772 2917 831 2986 τὸν

270 3017 421 3082 τοιοῦτον
453 3021 528 3101 βίον
562 3014 707 3100 ἐπαινεῖ,
745 3012 830 3086 ἀλλὰ
857 3016 874 3086 ὁ
909 3020 945 3086 δὲ
977 3023 1206 3111 Μεγακλείδης
1239 3026 1324 3112 φησὶ
1355 3024 1414 3092 τὸν

357 3186 382 3250 1)
400 3183 539 3238 Traditum
556 3189 612 3240 est:
631 3179 706 3242 Ἐπεὶ
723 3183 779 3260 γὰρ
798 3181 814 3242 ὃ
832 3179 973 3254 Ὀίνσσεὺς
989 3194 1048 3245 κτλ.
1083 3190 1120 3242 nt
1135 3192 1226 3245 tamen
1243 3193 1310 3247 illud
1330 3208 1414 3248 enun-

269 3268 366 3322 tiatum
384 3283 443 3321 oum
461 3268 682 3324 antecedentibus
699 3271 787 3325 serbis
805 3271 1019 3341 coniungendam
1031 3288 1090 3327 esse
1108 3275 1259 3330 statuimus.
1288 3276 1358 3331 Nam
1376 3278 1415 3332 ita

271 3351 376 3406 demum
394 3368 442 3407 suo
460 3351 554 3406 ordine
573 3352 661 3409 fluunt
678 3355 834 3412 sententiae.
870 3356 956 3423 Quam
978 3359 1013 3412 ob
1035 3372 1092 3412 rem
1108 3357 1175 3414 illud
1196 3356 1252 3434 γάρ
1270 3367 1319 3415 aut
1334 3362 1414 3430 plane

270 3435 412 3490 delendum
435 3439 476 3491 est
496 3439 544 3491 sut
566 3438 638 3506 quod
659 3439 879 3495 Wachsmuthius
900 3442 1042 3509 proposuit
1065 3443 1264 3511 corrigendum:
1291 3443 1357 3502 ἐπεί
1373 3469 1414 3520 γε,

271 3519 344 3585 quod
360 3521 523 3589 praeplacet.

358 3607 383 3667 2)
402 3603 442 3658 De
459 3605 613 3674 Megaclidis
630 3606 801 3676 peripatetici
818 3607 913 3665 studiis
925 3609 1075 3665 Homericis
1093 3609 1128 3664 el.
1139 3610 1368 3680 Sengehuschium
1385 3616 1413 3670 ln

266 3683 337 3740 dias.
355 3685 461 3742 Homer.
480 3689 569 3756 priore
587 3691 660 3758 apud
677 3691 801 3747 Dindorf.
819 3691 837 3748 l.
849 3693 868 3748 l.
880 3709 907 3762 p.
922 3697 962 3747 88.
976 3698 1016 3760 89,
1035 3694 1212 3752 Schraderum
1230 3697 1247 3750 l.
1260 3697 1278 3751 l.
1292 3715 1318 3768 p.
1332 3703 1393 3754 414.

358 3773 383 3836 3)
402 3769 455 3824 Gur
478 3772 530 3827 hoc
553 3776 667 3830 stoicum
691 3791 790 3847 corpus
808 3777 888 3832 etism
909 3777 980 3832 hano
1003 3780 1205 3849 peripateticam
1227 3795 1282 3834 rem
1306 3781 1346 3837 ita
1363 3785 1411 3838 ad·

270 3853 383 3909 bibitam
406 3856 570 3913 continuisse
590 3859 741 3928 negandum
762 3861 811 3928 sit,
834 3862 941 3917 omnino
956 3877 1011 3917 non
1034 3862 1222 3930 intellegimus.
1260 3865 1409 3924 Schradero

72 3978 104 4048 4
263 3937 341 3993 enim
365 3940 507 4008 scrupulus
529 3943 642 4011 resedit,
660 3944 697 4000 ci.
709 3945 728 4000 l.
740 3947 760 4000 l.
778 3963 806 4015 p.
819 3949 877 4000 414.
917 3945 1019 4002 Tamen
1039 3947 1084 4002 rix
1106 3949 1246 4018 probabile
1271 3957 1313 4008 est
1328 3945 1409 4008 ‘alius

7 4039 91 4130 ,M
265 4021 410 4078 cuiusdam
428 4023 631 4094 explicationem
649 4043 711 4082 cum
727 4029 884 4098 Megaclidis
901 4036 1091 4098 congruentem
1108 4026 1210 4090 mism'
