3008 4734
300 327 338 381 ιι
751 325 896 394 scriptoris
915 325 984 380 vie.

384 499 610 565 Proseminarii
631 498 867 583 philologorum
882 498 992 581 Lipsio
1015 497 1165 582 praeside
1180 497 1289 562 exstiti
1311 495 1455 578 sodalis,

301 609 464 675 seminarii
485 610 595 693 Lipsio
619 615 650 675 et
672 609 850 675 Ribbeokio
873 607 1110 674 moderantibus
1132 608 1237 674 sooius
1253 605 1455 688 ordinarius,

300 739 358 802 per
373 739 489 784 annum
513 719 643 802 quidem
658 720 773 785 senior.
807 719 1096 785 Exercitatiouibus
1111 717 1284 801 philologis
1299 723 1333 783 ut
1348 717 1456 782 inter-

303 848 416 912 essem,
433 829 571 912 benigne
586 835 809 895 concesserunt
824 828 963 911 Orusius,
978 829 1117 911 Lipsius,
1141 827 1295 911 Rohdius,
1311 827 1456 893 Waohs'-

302 938 457 1021 muthius,
481 938 707 1006 Wiudisohius.
752 939 992 1005 Ribbeokianue
1022 958 1097 1004 voro
1126 937 1271 1004 societati
1299 956 1359 1020 per
1382 942 1456 1003 tres

302 1069 401 1115 annos
424 1049 667 1130 adnumerabor,
689 1068 749 1132 per
763 1049 844 1116 duos
859 1049 971 1116 audivi
993 1049 1061 1114 eius
1077 1049 1191 1115 senior.
1227 1047 1265 1111 111
1287 1047 1455 1130 germani·

302 1179 374 1225 oum
403 1159 607 1226 seminarium
635 1164 670 1223 ut
699 1159 986 1225 extraordinarium
1014 1159 1157 1226 sodalem
1184 1177 1234 1223 me
1257 1162 1456 1239 reoeperunt

303 1269 344 1334 de
366 1268 495 1334 Bahder
523 1275 556 1334 et
577 1268 763 1336 Zamokius.
813 1270 1031 1353 Puedagogiui
1058 1274 1164 1334 eutem
1186 1266 1328 1334 Richteri
1350 1269 1454 1333 semi-

302 1379 384 1444 narii
413 1399 471 1462 per
498 1378 578 1445 duos
606 1399 706 1444 annos
734 1385 766 1444 et
796 1381 872 1446 anni
904 1379 1071 1446 dimidium
1099 1379 1146 1443 fui
1174 1379 1288 1444 senior.
1338 1377 1454 1442 Etiam

303 1495 439 1571 quantus
454 1489 573 1555 fruetus
588 1488 667 1554 mihi
689 1490 722 1554 in
737 1489 923 1556 academius
936 1489 1097 1574 Lipsiensi
1112 1489 1263 1554 societate
1278 1487 1454 1571 philologo
1481 1491 1482 1500 ’

305 1618 345 1664 ox
368 1598 574 1666 iuou‘ndorum
589 1601 763 1667 amisorum
779 1601 1008 1667 eonsuetudine
1030 1599 1146 1665 allatus
1161 1599 1212 1680 sit,
1235 1599 1348 1665 lubens
1371 1619 1450 1682 pro-

303 1708 404 1775 fiteor.
640 1691 642 1696 ⁵
744 1795 748 1806 Ι

389 1817 510 1896 Quibus
533 1821 678 1886 omnibus
700 1821 777 1886 viris
806 1826 957 1904 quantum
979 1819 1115 1887 debeam
1137 1818 1222 1903 quod
1249 1819 1378 1902 publice
1401 1825 1451 1886 te·
1481 1803 1482 1884 J

307 1928 413 1994 standi
436 1929 515 1994 mihi
538 1931 632 2014 eopia
653 1932 739 1997 faeta
753 1932 803 2014 sit,
824 1950 978 2014 perquam
992 1931 1129 2014 gaudeo.
1164 1930 1322 2013 Imprimis
1337 1936 1451 1996 autom

304 2057 447 2103 meorum
475 2041 651 2106 studiorum
680 2042 819 2107 fautores
849 2043 1037 2107 exstiterunt
1058 2041 1270 2122 institutione,
1301 2041 1450 2124 oonsilio,

305 2148 532 2215 consuetudine
554 2150 749 2217 Ribbeokius
772 2156 804 2216 et
825 2149 1092 2234 Waohsmuthius‚
1116 2170 1195 2234 quos
1216 2151 1272 2234 piu
1292 2152 1452 2217 memoria

305 2260 456 2341 prosequi
478 2261 603 2327 animus
625 2280 786 2344 nunquam
808 2260 949 2328 desistet.
1481 2261 1482 2270 ’
