3018 4736
6 327 7 422 γ
234 313 276 368 De
295 313 462 368 Dioscuridis
479 316 545 388 περὶ
563 317 621 370 τῶν
638 304 706 382 παρ’
719 306 828 387 Ὁμήρῳ
846 308 944 381 νόμων
960 313 1059 369 libello.
1157 314 1215 374 167

6 527 7 570 3
51 486 101 550 eis
122 491 245 552 essent
261 485 491 569 coniungenda,
515 505 596 568 quae
612 484 796 551 Athenaeus
812 488 953 552 servavit
967 507 998 570 p.
1017 484 1070 550 17b
1085 486 1133 564 (fr.
1153 487 1215 564 15).

52 587 154 652 Haeo
182 587 302 653 Dionis
325 595 356 653 et
378 587 534 653 Athenaei
557 588 702 654 doctrina
725 589 817 670 quasi
832 587 1110 671 comprehenditur
1125 587 1216 654 seho-

52 689 109 752 liis
137 688 276 752 VenA
298 689 339 753 ad
367 690 458 752 1661
486 695 517 754 et
539 689 659 754 Venss
683 688 724 754 ad
749 693 834 753 K75
859 689 902 754 ad
932 688 1068 754 eundem
1096 689 1216 754 fontem
1313 741 1314 746 ,

54 789 262 882 referendis.
300 789 359 854 illo
383 791 466 854 enim
488 791 559 856 loeo
582 789 662 855 haee
684 789 820 856 suntad
842 791 974 856 verbum
997 789 1107 876 ῥῆγοςι
1130 789 1217 873 λέγει

55 885 115 952 οὖν
149 885 294 971 βαπτὸν
324 887 556 974 περιπόλαιον,
586 889 619 954 οἱ
649 889 684 954 δὲ
705 888 848 978 τάπητα.
893 889 998 955 οἰκεία
1024 889 1060 955 δὲ
1082 885 1101 976 ἡ
1124 895 1216 977 κοίτη

57 993 104 1074 τῷ
129 993 287 1076 γέροντι,
311 994 433 1058 s'oilioct
455 992 617 1059 Phoeuioi.
660 993 715 1056 καὶ
745 988 761 1056 ὃ
785 995 924 1076 Νέστωρ
950 985 1109 1056 καθεύδει
1127 984 1217 1078 εινιίνῇ

56 1092 107 1157 ἔνι
133 1085 289 1178 μαλακγῗ
314 1097 359 1168 (Κ
374 1081 433 1167 75λ
472 1091 505 1156 oi
527 1091 563 1156 dh
586 1090 712 1178 ἑταῖροι
734 1097 793 1158 τοῦ
807 1091 997 1179 Διομήδους
1011 1087 1077 1158 ὑπὸ
1101 1094 1217 1178 κρασὶν

57 1191 154 1276 εἶχον
175 1187 326 1269 ἀσπίδας
341 1198 385 1272 (Κ
398 1193 479 1275 152),
502 1195 557 1258 καὶ
575 1187 673 1272 αι’«τὸς
688 1192 779 1280 ῥινὸν
793 1189 986 1281 ὑπέστρωτο
1001 1191 1082 1277 βοὸς
1098 1187 1216 1280 ἀγραύ-

6 1329 7 1382 γ
58 1298 138 1361 toto
168 1295 315 1380 (utut).
359 1295 410 1361 Ad
433 1300 519 1359 [(55
544 1295 623 1362 heco
644 1299 805 1380 leguntur:
827 1295 956 1384 μαλακὴ
978 1294 1041 1383 γὰρ
1064 1293 1215 1380 στρωμνή

6 1389 7 1402 .
59 1397 137 1464 ἐστι
156 1401 210 1482 τῴ
224 1401 352 1482 γέροντι
367 1399 446 1474 (scil.
459 1396 601 1480 Nestori)
613 1391 658 1473 ὥς
673 1401 725 1462 καὶ
744 1401 791 1482 τῷ
804 1405 946 1464 Φοίνικι.
979 1402 1028 1484 τῴ
1044 1398 1079 1463 δὲ
1090 1397 1217 1482 Λιομή·

60 1499 113 1565 det
132 1503 290 1584 νεωτέρῳ
306 1492 377 1564 ὄντι
392 1493 586 1582 ὑπέστρωτο
602 1496 693 1580 ῥινὸς
713 1498 793 1583 βοός
808 1503 853 1578 (Κ
869 1506 955 1576 155)·
979 1498 1037 1564 τὸν
1053 1500 1089 1564 δὲ
1101 1493 1217 1565 Ὀδυσ-

6 1589 7 1684 Ῑ
60 1606 125 1666 σέα
161 1601 349 1664 κατέκλινεν
377 1593 523 1681 Εὔμαιος
552 1595 732 1682 ὑποβαλών
762 1600 880 1686 ῥῶπας
907 1602 962 1665 καὶ
993 1599 1096 1683 δέρμα
1125 1599 1218 1686 αἰγός

61 1704 91 1780 tt
107 1707 181 1780 49).
228 1702 317 1780 Quae
340 1702 462 1768 scholia
484 1724 555 1769 eum
576 1704 665 1768 nulla
687 1705 823 1786 vestigia
845 1710 980 1787 exstent,
1004 1725 1059 1769 eur
1081 1705 1216 1770 Aristar·

61 1807 130 1873 eho
157 1806 345 1887 tribuantur,
369 1825 409 1870 ex
432 1805 642 1888 peripatetico
657 1805 714 1870 illo
730 1806 925 1872 collectaneo
941 1825 1039 1890 opere
1061 1807 1216 1888 originem

62 1911 193 1974 ducere
216 1908 284 1971 iure
306 1906 444 1988 quodam
467 1907 622 1990 conicias,
652 1906 736 1972 unde
759 1907 965 1974 Dioscurides
988 1926 1115 1989 quoque
1136 1905 1217 1972 haee

63 2008 214 2092 potuerit
229 2007 354 2072 lucrari.
391 2005 488 2088 Apud
504 2008 632 2089 cynicos
648 2028 774 2090 quoqne
791 2009 1008 2074 circumlatum
1024 2009 1121 2074 fuisse
1136 2007 1217 2074 illud

64 2109 242 2174 Diomedis
272 2109 454 2191 exemplum
477 2109 627 2174 Ernestns
651 2109 767 2173 Weber
789 2110 809 2172 l.
829 2111 849 2173 l.
866 2131 897 2193 p.
914 2113 975 2174 232
998 2130 1039 2174 ex
1062 2109 1217 2190 Diogenis

6 2241 7 2332 γ
66 2229 157 2293 quae
179 2210 278 2274 fertur
299 2208 438 2291 quadam
461 2210 599 2291 epistula
620 2209 777 2273 XXXVII
800 2213 840 2291 tp.
858 2213 929 2290 251,
947 2215 986 2273 45
1000 2211 1050 2286 Η.)
1074 2229 1217 2292 compro-

67 2313 149 2376 bare
172 2309 301 2376 studuit.

6 2417 7 2422 ’
159 2412 240 2478 Cum
268 2411 349 2478 haee
375 2413 477 2478 altera
507 2412 618 2477 Dionis
647 2411 747 2475 oratio
778 2411 900 2493 repleta
929 2411 970 2476 sit
998 2411 1217 2478 Dioscurideis

70 2517 192 2600 copiis,
222 2515 338 2580 frustra
360 2513 535 2597 quaesieris
561 2513 594 2578 iu
616 2512 688 2576 aliis
711 2511 919 2594 orationibus,
949 2519 984 2578 nt
1004 2513 1110 2595 ipsum
1132 2511 1217 2580 hune

71 2618 219 2684 libellum
242 2617 373 2682 subesse
395 2616 533 2704 evincas.
580 2613 683 2680 Unum
705 2619 803 2678 restat
831 2614 1023 2696 exemplum.
1072 2613 1218 2680 Similem

70 2718 234 2803 quendam
263 2716 491 2800 interpretandi
518 2735 639 2780 merem
668 2714 708 2779 de
732 2715 861 2779 Antinoi
889 2721 989 2780 morte
1015 2716 1157 2781 luserunt
1186 2723 1220 2782 et

72 2819 282 2887 Dioscorides
297 2819 382 2902 apud
398 2816 513 2882 Athen.
529 2837 560 2898 p.
580 2813 631 2878 ittf
651 2816 702 2896 (fr.
720 2819 759 2878 25
775 2835 804 2897 p.
822 2819 891 2895 105,
907 2814 1043 2896 16-19)
1061 2823 1092 2880 et
1107 2817 1169 2882 Dio
1185 2818 1219 2882 in

70 2945 118 2989 or.
135 2923 191 2988 LV
206 2943 237 3006 p.
255 2923 316 2984 288
332 2920 365 2984 et
379 2919 439 2980 289
455 2918 529 2981 Ru.
566 2915 626 2981 iiio
642 2916 726 2980 enim
743 2915 920 2980 accuratius
936 2915 1015 2979 illud
1034 2917 1217 2999 exemplum

72 3024 285 3108 persequitur,
308 3026 342 3086 ut
356 3017 437 3082 nihil
451 3023 571 3082 temere
586 3023 618 3081 et
632 3018 700 3082 sine
716 3017 849 3081 oonsilio
865 3015 1028 3082 induxisse
1044 3015 1217 3081 Homerum

73 3125 280 3190 demonstret.
317 3123 429 3204 Itaque
445 3118 485 3184 de
501 3118 638 3183 Antinoo
654 3117 793 3182 omnium
809 3136 976 3199 procorum
990 3117 1129 3182 maxime
1144 3117 1218 3182 libi-

72 3227 188 3294 dinoso
205 3225 285 3290 haec
301 3223 393 3288 dicit:
416 3217 539 3302 ὁμοίως
555 3217 591 3283 δὲ
606 3219 660 3282 καὶ
674 3219 791 3282 τοῦτον
807 3209 1027 3281 ἀποθανόντα
1050 3213 1217 3302 ἐποίησεν,

6 3391 7 3412 ᾖ
72 3322 131 3392 οὐκ
154 3324 225 3412 εἰκῇ
246 3324 412 3410 πληγέντα
434 3318 490 3386 διὰ
510 3322 569 3385 τοῦ
592 3320 720 3402 λαιμοῦ,
751 3309 821 3399 οὐχ’
843 3313 933 3382 ,ὅπου
962 3317 1079 3399 ἔτυχεν,
1103 3308 1217 3404 ὥσπερ

72 3423 190 3512 ἀμέλει
212 3423 271 3491 τὸν
287 3422 464 3509 Πάνδαρον
488 3419 543 3487 διὰ
565 3423 623 3508 τῆς
644 3418 833 3507 pinianus)
875 3419 940 3485 Sed
963 3421 1062 3504 ipsius
1084 3419 1218 3485 Dioscu-

73 3533 152 3598 ridis
175 3531 293 3596 librum
315 3527 412 3591 Dioni
435 3525 475 3590 de
496 3525 635 3590 Antinoo
657 3525 860 3590 observatum
883 3540 953 3586 esse
976 3521 1025 3585 his
1048 3521 1167 3586 elucet:

162 3716 187 3779 1)
206 3709 310 3764 Eadem
328 3707 360 3762 de
378 3708 502 3762 Pandaro
521 3705 685 3760 Demetrium
703 3705 841 3774 Scepsium
859 3703 981 3757 docuisse
998 3702 1154 3758 Athenaeus
1171 3703 1215 3758 de·

6 3803 7 3870 }
71 3801 207 3854 monstrat
224 3793 264 3846 VI
281 3809 308 3862 p.
322 3795 395 3846 236⁰:
419 3794 503 3864 φησὶν
526 3783 554 3845 d'
574 3783 589 3844 ὃ
610 3785 738 3861 Σκήψιος
757 3785 915 3860 Δημήτριος
937 3780 976 3852 ὡς
998 3790 1046 3842 καὶ
1064 3781 1218 3859 Πάνδαρον

6 3913 7 3930 t
72 3879 116 3939 διὰ
142 3875 178 3937 τὸ
204 3875 409 3950 ἐπιωρκηκέναι
433 3871 731 3947 (summoueretur),
756 3873 789 3926 cf.
810 3871 903 3927 Gaedii
927 3867 1153 3926 dissertationem:
1172 3865 1220 3924 ‘de

6 3959 7 4032 i
76 3963 211 4021 Demetrii
229 3961 331 4030 Scepsii
344 3976 412 4029 quse
425 3951 585 4028 supersunt',
604 3955 823 4027 Gryphiswaldae
835 3955 933 4010 editam
949 3960 1017 4010 1880*
1031 3956 1073 4022 (ir.
1086 3961 1117 4010 74
1130 3971 1156 4024 p.
1167 3958 1219 4021 tot.

6 4109 7 4126 γ
75 4047 221 4117 Ceteroqui
239 4047 273 4101 de
290 4045 413 4100 Pandaro
432 4057 515 4113 supra
532 4042 680 4112 disputarit
696 4041 748 4096 Dio
764 4040 793 4094 in
810 4055 849 4095 or.
863 4039 910 4094 LV
922 4057 949 4110 p.
962 4044 1010 4094 287
1024 4040 1091 4095 un.
