3018 4736
218 293 259 350 Dc
276 293 444 350 Dioscuridis
462 297 602 366 περὶτῶν
620 288 687 365 παρ’
701 289 812 368 Ὁμήρῳ
830 285 928 364 νόμων
945 293 1044 351 hbeho.
1141 293 1199 354 139

65 487 133 546 σιν,
153 463 241 552 παρὰ
265 465 301 532 δὲ
316 463 475 554 Ἓλλησιν
498 458 644 564 οὐύαμοῦ
668 459 775 544 αὐλός.
820 466 910 546 Quae
934 487 976 533 cx
997 467 1203 535 Aristarchus

67 569 324 652 interpretatione
348 570 482 636 frustula
503 589 669 653 superesse
690 570 786 636 facile
808 571 866 636 tibi
892 589 974 636 nunc
996 569 1201 654 persuadeas,

64 673 249 755 praesertim
266 692 338 738 cnm
360 671 420 738 hcc
443 691 569 754 quoque
591 677 696 738 tecum
716 673 924 756 reputaveris,
949 672 1033 755 quod
1056 671 1098 737 ad
1113 677 1148 736 N
1161 677 1199 737 41

66 771 266 842 Aristarchus
289 773 329 839 de
345 775 492 840 Troianis
514 773 611 838 dixit:
638 769 792 838 ἑκάστοτε
813 769 875 858 γὰρ
897 771 1104 856 θορυβώδεις
1125 771 1202 850 τούς
1265 829 1270 836 .

70 876 182 960 Τρῶας
204 878 417 962 παρίστησιν,
441 873 567 958 quade
589 895 624 940 re
647 875 728 940 infra
750 875 976 958 disputandum
998 878 1068 942 erit.

148 978 323 1062 Longiores
337 978 454 1044 inimus
469 977 502 1042 in
517 975 578 1042 hac
593 976 760 1043 tractanda
780 997 826 1060 re,
848 981 883 1041 ut
895 977 1046 1070 'aedium
1068 979 1202 1045 fortasse

67 1084 252 1145 commotum
270 1080 320 1146 sit.
357 1079 423 1145 Sed
445 1079 596 1144 intererat
617 1085 725 1146 nostra
747 1078 915 1144 ostendere
930 1079 963 1144 in
977 1078 1027 1146 his
1042 1080 1202 1146 Athenaei

67 1181 221 1263 capitibus
243 1181 352 1263 aliquo
375 1180 469 1246 modo
493 1181 588 1245 etiam
610 1181 751 1263 integros
774 1181 865 1246 uobis
888 1181 1047 1248 virescere
1065 1182 1202 1248 Aristar·-

66 1281 213 1348 cheorum
230 1283 529 1348 commentariorum
548 1281 699 1348 hortulos.
734 1282 828 1350 Unde
850 1284 947 1348 etiam
970 1283 1010 1350 de
1026 1283 1203 1351 Aristarchi

65 1391 133 1450 arte
150 1386 260 1452 critica
282 1383 335 1452 hic
357 1385 424 1450 illic
445 1404 503 1450 nos
525 1383 647 1465 aliquid
670 1383 847 1467 addiscere,
870 1385 956 1468 quod
978 1406 1060 1452 nunc
1081 1388 1204 1454 maiore
1314 1447 1321 1461 ,

66 1486 180 1553 fiducia
201 1487 304 1570 possit
327 1486 483 1569 contendi,
506 1487 570 1550 iam
585 1485 733 1552 vidimus.
770 1485 977 1554 Ludwichius
1000 1489 1085 1553 enim
1108 1490 1128 1554 l.
1144 1490 1165 1553 l.
1188 1489 1204 1553 1

65 1611 93 1673 p.
111 1592 148 1651 72
159 1609 205 1672 sq.
229 1587 429 1654 Athenaeum
450 1606 513 1654 non
533 1587 652 1652 bonum
674 1586 715 1654 de
738 1587 921 1654 Aristarcho
944 1588 1105 1656 dierthota
1126 1589 1203 1655 fide·

66 1692 217 1758 iussorem
233 1690 354 1758 habuit.
388 1690 453 1756 Sed
468 1709 531 1755 non
546 1709 643 1754 unum
659 1687 815 1755 Athenaei
835 1689 988 1756 iudicium
1003 1697 1060 1774 est,
1084 1692 1204 1775 quippe

66 1795 118 1875 qui
140 1795 241 1860 instar
256 1793 425 1859 multorum
440 1797 604 1858 auctorum
620 1796 732 1857 exstet.
766 1791 803 1855 In
821 1789 872 1858 his
894 1793 1024 1876 quidem
1047 1795 1204 1878 capitibus

65 1895 271 1964 Dioscorides
298 1901 347 1962 sat
371 1895 488 1960 bonum
515 1911 551 1959 se
573 1899 735 1976 praestare
758 1893 894 1960 videtur.
938 1896 1051 1979 Neque
1079 1895 1204 1962 dubita·

65 2018 133 2065 mus
156 1998 232 2081 quin
254 1999 288 2062 in
308 1997 370 2062 l.V
391 1997 496 2081 capite
512 1997 552 2058 20
575 2015 703 2078 prorsus
725 1995 929 2063 Aristarcheo
952 2019 983 2082 p.
999 1994 1077 2062 193¹³
1099 1997 1147 2075 (fr.
1164 2001 1204 2061 32
1269 1999 1279 2016 '

64 2104 174 2184 pith,
187 2103 227 2164 23
239 2135 281 2143 —-
292 2103 360 2180 111,
373 2099 404 2176 6)
419 2117 568 2164 versuum
588 2122 608 2160 α
626 2100 695 2162 139.
711 2101 779 2180 140,
797 2095 815 2160 ὁ
831 2103 880 2163 55.
894 2101 933 2162 56
956 2098 1108 2165 athetesis
1122 2119 1205 2166 nunc

67 2203 135 2268 iure
144 2199 328 2268 Aristarcho
343 2200 550 2282 adscribatur,
567 2218 630 2281 quo
644 2198 742 2281 digna
753 2197 887 2281 videtur,
904 2219 1097 2282 quamquam
1112 2199 1204 2266 huius

70 2305 116 2368 rei
136 2304 221 2369 nulla
242 2304 308 2369 alia
330 2303 484 2369 memoria
505 2306 642 2366 aetatem
663 2299 857 2384 perduravit.

150 2407 259 2471 Altero
282 2406 353 2471 leco
375 2405 594 2471 stoicorum
618 2407 704 2468 certa
726 2402 863 2484 vestigia
884 2402 917 2466 in
933 2401 1132 2469 Dioscuridis
1155 2401 1204 2469 bis

67 2507 152 2591 apud
172 2506 374 2574 Athenaeum
395 2506 529 2572 servatis
551 2505 692 2571 frustulis
714 2524 771 2570 nos
794 2503 973 2570 deiecturus
996 2523 1066 2570 esse
1088 2506 1205 2587 promi·

67 2611 172 2694 simus,
195 2616 231 2674 ut
245 2609 287 2674 ab
303 2607 414 2674 borum
430 2608 543 2674 studiis
565 2609 655 2674 illum
676 2627 738 2673 nen
760 2607 899 2674 alienum
922 2607 1019 2672 fuisse
1041 2613 1205 2690 appareat.

66 2713 223 2778 Nimirum
246 2706 460 2796 σωφροσύνη,
485 2701 675 2792 αὐτάρκεια,
700 2700 860 2787 εὐτέλεια,
885 2728 1018 2792 quarum
1039 2709 1072 2772 in
1093 2709 1204 2793 primis

67 2815 225 2898 capitibus
245 2818 282 2876 15
299 2817 332 2878 et
348 2815 386 2875 16
408 2832 472 2876 non
494 2812 594 2877 semel
620 2813 738 2877 mentio
766 2811 817 2894 iit,
846 2811 943 2876 etiam
973 2811 1005 2874 in
1034 2812 1205 2876 stoicorum

67 2916 236 2981 virtutibus
259 2918 488 2980 enumerantur.
526 2911 693 2990 Quomodo
715 2918 822 2978 autem
845 2902 978 2986 εὐταξία
1007 2911 1150 2977 Nestoris
1174 2917 1206 2976 et

66 3017 251 3084 Machaonis
268 3016 415 3098 exemplo
431 3014 603 3080 illustretur
620 3015 653 3077 in
671 3033 697 3078 e.
713 3017 761 3094 17,
785 3011 846 3078 hoc
861 3031 986 3095 quoque
1004 3032 1074 3078 cum
1096 3013 1205 3079 stoicis

67 3120 237 3203 conspirat,
254 3119 295 3185 de
311 3138 375 3202 qua
388 3118 504 3182 virtute
519 3114 730 3198 (Chrysippus
744 3113 843 3198 apud)
859 3113 947 3180 Stob.
963 3113 995 3178 ΙΙ
1009 3134 1040 3197 p.
1052 3115 1102 3196 61,
1113 3114 1203 3178 7W.:

66 3215 220 3298 εὐταξίαν
243 3218 279 3284 δὲ
301 3209 484 3304 ἐπιστήμην
512 3217 570 3281 τοῦ
598 3213 682 3280 πότε
710 3217 889 3299 πρακτέον,
918 3216 973 3280 καὶ
995 3219 1029 3280 τί
1056 3211 1139 3297 μετὰ
1162 3219 1204 3294 τί,

65 3323 121 3387 καὶ
144 3320 292 3386 καθόλου
315 3323 373 3406 τῆς
393 3317 517 3396 τάξεως
539 3319 604 3382 τῶν
622 3315 775 3402 πράξεων
797 3319 867 3384 sivo
889 3317 977 3401 apud
991 3317 1206 3383 Andronicum

66 3424 228 3491 Rhodium
251 3423 285 3488 in
306 3425 416 3489 libello
439 3423 493 3506 qui
515 3422 613 3487 fertur
635 3421 713 3504 περὶ
735 3421 860 3484 παθών
882 3441 913 3504 p.
929 3421 1014 3502 24,8
1035 3417 1125 3485 Sch:
1153 3408 1206 3482 εὐ-

66 3523 164 3602 ταξία
188 3523 223 3588 δὲ
247 3521 404 3606 ἐμπειρία
425 3523 675 3608 καταχωρισμοῦ
699 3518 852 3607 πράξεων
875 3522 943 3598 sive
971 3520 1058 3604 apud
1080 3519 1205 3588 Cicero-

67 3649 141 3695 nem
163 3627 216 3705 (de
239 3625 530 3708 offie.140,112):
561 3625 608 3691 sic
630 3623 778 3690 definitur
800 3645 821 3690 a
842 3623 965 3705 stoicis,
993 3628 1028 3688 ut
1048 3622 1207 3690 modestia

67 3733 123 3810 (sc.
146 3720 292 3804 εὐταξία)
321 3728 363 3793 sit
387 3729 521 3793 scientia
541 3746 645 3792 rerum
668 3745 793 3808 earum,
824 3744 906 3807 quae
928 3729 1061 3808 agentur
1083 3730 1137 3790 aut
1159 3725 1206 3791 di-

68 3838 179 3899 centur
201 3832 273 3896 loco
296 3849 353 3895 suc
376 3827 643 3895 conlocandarum
654 3831 686 3902 1).

69 3933 272 3945 -.—.-—-

156 3987 180 4047 1)
198 3979 240 4034 Gi.
260 3976 491 4042 Schuchardtium‚
506 3973 638 4030 ‘Andron
651 3973 739 4029 Rhcd.
758 3975 803 4043 qui
822 3974 907 4029 fertum
923 3975 1005 4030 libelii
1025 3979 1090 4048 περὶ
1104 3979 1208 4031 παθῶν

69 4083 133 4138 pars
151 4066 237 4120 altera
254 4061 447 4118 devrhtuueue
464 4063 492 4114 et
509 4053 596 4126 ritiis',
614 4059 799 4114 Darmstadiae
813 4063 877 4115 1883
895 4077 921 4129 p.
931 4064 973 4115 45.
