3018 4736
298 313 358 372 158
741 311 877 368 Rohertns
895 313 996 368 Weber

297 482 368 571 τὴν
384 485 857 572 νίκηνηοιλοφρονεῑταιτοῖς
882 489 1139 568 μονομαχίαν
1154 483 1321 552 νώτοισι
1337 488 1464 570 βοῶν

297 584 442 662 νώτοις
463 589 532 652 τού
552 585 661 670 βούς.
881 589 1030 670 γέραιρεν
1052 581 1069 651 ὁ
1092 579 1315 672 Ἀγαμέμνων.
1333 639 1367 654 ..
1390 639 1399 654 .
1424 640 1432 654 .
1455 640 1463 654 .
1490 616 1491 660 t

298 789 456 871 ἰχθύων
479 790 514 856 δὲ
537 783 699 857 addducere
719 793 854 916 ηευομέ-

298 916 374 970 νους
390 883 508 969 αύτούς
528 891 666 980 ἰνιοίησε
680 894 735 958 καὶ
751 894 856 957 ταῦτα

297 991 354 1060 ἰπὶ
382 997 440 1081 τῆς
468 992 640 1082 θαλάττης
669 1017 854 1078 στρατοπε·

298 1094 462 1176 δεύοντας,
477 1093 672 1162 καίτοιτὸν
692 1094 854 1182 Ἑλλήσ-
880 1093 969 1179 p.:9d
981 1089 1278 1181 Ἑλλήσποντον
1294 1021 1351 1161 di
1350 1085 1492 1184 Όμη-

296 1221 457 1278 νιοντον,
481 1189 595 1284 ὥσπερ
619 1197 717 1278 ἐστίν,
741 1197 854 1280 ἰχθυ-
881 1219 938 1280 ρος
966 1193 1193 1280 ἰχθυόεντα
1226 1221 1461 1284 προσαγο-

296 1297 761 1366 οενταὲκύστοτεκαλιῦν.
881 1295 1005 1382 ρεύιον
1018 1348 1130 1366 ......
1142 1325 1197 1365 και
1220 1297 1268 1377 εις
1283 1293 1458 1385 ευδαιμο-
1492 1314 1493 1354 t

586 1419 591 1426 ·
881 1403 954 1464 νίαν
986 1397 1023 1464 δὲ
1054 1405 1272 1487 καταριθμῶν
1307 1399 1347 1470 vd
1385 1402 1459 1490 τὴν

880 1500 1058 1568 θάλασσαν
1102 1501 1226 1585 ἰχθύς
1272 1509 1452 1591 παρέχειν,

881 1595 972 1686 ὅμως
1013 1602 1138 1670 τούτων
1182 1597 1277 1670 οὐδὲν
1321 1598 1451 1672 eddeva

880 1717 975 1772 ποιεῖ
995 1691 1281 1793 ντροσφερύμερον.

295 1805 384 1874 ιιύνυ
412 1805 474 1893 γὰρ
502 1801 617 1894 ὀρθῶς
649 1802 728 1875 αύτό
755 1811 853 1875 τοῦτο

296 1901 587 1996 ἀπεμνημόνευσεν
636 1905 654 1977 ὁ
699 1909 853 1977 Πλάτων.

296 2002 370 2075 ἀλλ’
407 2003 482 2076 οὐδὲ
510 2009 588 2088 τούς
617 2015 855 2100 μνηστῆρας
880 2009 979 2094 p.9b:
1009 2012 1064 2076 καὶ
1093 2009 1171 2088 τούς
1197 2016 1453 2100 μνηστῆρας
1494 2013 1495 2070 i

297 2110 431 2194 ἰχθύσιν
452 2110 555 2202 ἑστιᾷ,
580 2111 711 2202 σφόδρα
734 2105 854 2179 οἰσελ-
881 2111 917 2177 δὲ
931 2107 1136 2198 ύβριστάς
1151 2107 1250 2191 ὄντας
1264 2117 1319 2180 καὶ
1336 2113 1452 2201 πρὸς

293 2227 384 2299 χεῑς
411 2216 466 2280 καί
488 2213 719 2304 τρυφερούς
745 2210 853 2296 ὄντας,
880 2208 1033 2300 ἡδονὰς
1076 2207 1325 2298 ἀνειμένους
1367 2212 1451 2283 ούτε

183 2331 186 2338 ‘
295 2311 494 2404 ἰνἸθύκη
521 2319 707 2384 καὶταῦτα
736 2316 853 2384 dorem·
882 2315 978 2398 ἰχθῦς
1018 2314 1197 2394 ἐσθίοντας
1229 2331 1325 2384 ποιεῖ
1367 2313 1449 2385 ούτε
1495 2362 1496 2434 η

293 2422 422 2501 μένους.
880 2412 1030 2503 ὄρνιθας.
1046 2420 1193 2504 Denique
1201 2441 1354 2504 compara
1361 2421 1447 2489 haee

879 2540 910 2603 p.
927 2519 976 2587 9⁶:
999 2521 1055 2585 καὶ
1070 2517 1111 2584 ἰν
1126 2523 1174 2606 τῇ
1188 2514 1326 2609 Ἰθάκη
1343 2521 1445 2599 εἰδώς

880 2622 1014 2703 λιμένας
1049 2620 1187 2700 πλείους
1222 2625 1277 2689 καὶ
1321 2622 1443 2710 νήσους

879 2734 1053 2809 προσεχεῖς
1069 2718 1207 2804 πολλάς,
1224 2721 1258 2789 ἰν
1271 2721 1327 2801 αἶς
1345 2723 1440 2806 ἰχθύ·

880 2849 924 2891 ων
948 2821 1071 2909 ἐγένετο
1093 2826 1237 2912 πλῆθος.

380 2925 526 2992 Eundem
542 2932 573 2992 et
595 2925 823 3010 chrysostomo
838 2935 871 2994 et
891 2925 1057 2995 Athenaeo
1079 2927 1211 2995 fluxisse
1232 2928 1353 2995 fontem
1368 2930 1441 2997 luae

296 3030 411 3096 elarius
441 3035 498 3094 est.
551 3027 767 3112 Quaecunque
796 3035 903 3095 antem
932 3034 1004 3095 sunt
1037 3029 1124 3112 apud
1152 3030 1306 3114 Dionem,
1339 3030 1439 3098 inisse

297 3133 403 3199 omnia
424 3130 511 3214 apud
533 3131 757 3197 Dioscuridem
779 3131 874 3196 certis
902 3131 1096 3212 argumentis
1124 3131 1220 3196 etiam
1248 3151 1332 3199 nune
1353 3151 1439 3198 oom-

295 3234 426 3318 probari
447 3236 561 3316 potest.
598 3231 682 3296 Nam
698 3251 780 3314 quae
796 3231 836 3296 de
851 3231 1099 3313 Agamemnonis
1115 3234 1272 3302 conviviis
1292 3235 1325 3298 in
1340 3231 1439 3300 Athe·

296 3337 369 3402 naei
392 3335 531 3417 epitoma
551 3353 635 3400 nuno
658 3332 886 3416 desiderantur,
911 3331 1026 3398 Suidas
1042 3335 1184 3399 servavit
1202 3355 1243 3400 ex
1265 3335 1441 3418 integriore

294 3436 460 3503 Athenaeo
483 3455 554 3502 s..v
569 3429 775 3518 ‘'Opppocr
735 3434 784 3510 (fr.
803 3436 933 3516 1.‚p90
950 3427 1036 3512 34).
1074 3434 1146 3514 Qua
1160 3455 1195 3502 re
1216 3443 1440 3518 argumentum

296 3540 520 3620 gravissimum
535 3537 582 3602 eis
604 3535 724 3602 addere
746 3536 830 3618 lieet,
855 3555 937 3619 quae
951 3537 1120 3604 Kaibelius
1136 3543 1168 3604 et
1182 3537 1343 3604 Brunkius
1365 3558 1437 3622 pro·

296 3639 450 3721 tulerunt,
479 3659 542 3721 quo
564 3658 628 3704 nno
650 3637 765 3702 Hilleri
787 3636 828 3703 de
841 3637 970 3705 'Suidae
993 3640 1220 3722 interpolatore
1248 3639 1439 3724 infringatur

296 3803 403 3873 quidem
420 3803 601 3868 concedimus,
619 3803 691 3873 quod
708 3807 789 3876 βοοῖν
807 3804 891 3859 deleri
907 3805 999 3872 voluit,
1017 3820 1076 3860 enm
1093 3804 1196 3866 Snidas
1208 3803 1274 3860 illud
1292 3805 1435 3862 omisisset.

296 3891 462 3959 Quamquam
480 3891 570 3942 antem
586 3889 615 3943 in
627 3889 749 3944 versibus
766 3894 796 3946 H
806 3893 865 3943 321.
879 3892 919 3953 22,
938 3905 991 3958 quo
1005 3890 1072 3944 haee
1084 3894 1217 3959 spectant,
1234 3892 1317 3962 βοῶν
1328 3904 1436 3958 expres·

296 3978 347 4030 sim
364 3973 463 4028 mentio
482 3987 536 4026 non
552 3974 597 4038 fit,
621 3980 712 4029 temen
728 3974 774 4029 hio
790 3975 856 4029 illud
873 3975 966 4030 deesse
983 3990 1038 4030 non
1054 3978 1159 4043 potest,
1180 3975 1251 4044 qnod
1268 3974 1435 4044 potissimum

296 4059 416 4115 auctoris
433 4056 563 4122 interfuit,
579 4051 701 4114 ‘bubula’
718 4063 795 4127 terga
811 4059 986 4128 proposuisse
1004 4059 1082 4115 Aiaci
1099 4060 1334 4129 Agamemnonem.
