3018 4736
240 321 282 374 De
299 319 464 375 Dioscuridis
482 321 547 391 περὶ
564 321 623 374 τῶν
640 338 700 390 παρ
725 313 949 392 Ὁμήρῳ-νόμων
965 317 1064 372 libello.
1164 317 1224 377 187

80 492 257 559 infirmiora
279 511 350 558 esse
372 490 454 558 haee
474 496 661 576 argumenta
682 491 835 573 fatemur,
858 509 952 573 quam
976 496 1011 555 ut
1032 491 1110 556 certi
1133 491 1225 574 quid·

80 614 180 678 quam
201 599 365 662 statuatur.

171 797 231 864 His
246 797 391 864 omnibns
406 798 561 882 expositis
576 797 656 863 illud
671 806 823 883 superest,
846 805 881 863 ut
895 799 1004 880 aliquo
1021 797 1117 864 modo
1133 797 1227 864 Dios

82 900 207 966 euridei
234 899 337 966 libelli
359 906 577 983 argumentum
599 906 631 966 et
659 900 901 984 dispositionem
922 901 1163 980 adumbremus,
1191 899 1225 964 id

81 999 181 1084 quod,
191 1006 343 1084 quantum
355 1003 467 1085 potuit,
480 1001 640 1068 Brunkius
652 1021 779 1085 quoque
791 1007 921 1068 conatus
934 1007 982 1067 est
996 1002 1017 1064 l.
1029 1001 1050 1065 l.
1062 1022 1094 1085 p.
1108 1003 1224 1084 22sqq.

80 1103 168 1168 Nam
189 1103 345 1170 rationem
372 1103 465 1170 reddi
487 1122 567 1187 opus
590 1108 638 1168 est
666 1103 707 1170 de
729 1103 840 1170 ordine
863 1123 957 1187 quem
979 1103 1172 1170 instituimus
1194 1104 1227 1168 in

81 1205 313 1290 componendis
335 1205 530 1287 fragmentis,
554 1225 636 1288 quae
659 1204 874 1272 dissertationi
895 1206 1126 1290 praemisimus.
1169 1204 1226 1270 Ni·
1316 1205 1318 1212 ’

82 1309 199 1374 mirum
228 1306 290 1374 bae
316 1325 443 1390 quoque
473 1312 564 1390 parte
591 1307 767 1390 principem
796 1308 1014 1390 optimumque
1048 1306 1162 1372 ducem
1191 1326 1226 1372 se

81 1410 218 1494 praebet
239 1407 440 1490 Athenaeus,
463 1414 740 1491 quantumcunque
761 1427 828 1473 rem
847 1402 1029 1491 dissecuit,
1052 1408 1225 1490 coniunxit,

81 1501 239 1596 mutavit’,
269 1517 303 1576 ut
332 1509 517 1593 disputandi
539 1511 703 1574 materiem
726 1511 808 1576 inter
829 1509 1091 1594 dipnosophistas
1121 1510 1226 1575 distri·

80 1615 206 1696 bneret,
229 1613 268 1678 cf.
282 1611 402 1678 Brunk.
418 1613 440 1676 l.
455 1612 476 1677 l.
492 1632 523 1695 p.
540 1614 580 1678 23
593 1632 639 1694 sq.
676 1611 760 1678 Nam
776 1613 895 1696 optime
917 1613 1096 1678 etiamnunc
1110 1631 1227 1695 eogno-

81 1716 191 1798 seitnr,
214 1733 297 1797 quae
319 1715 401 1780 inter
422 1733 493 1780 sese
515 1711 715 1780 cohaereant.

170 1815 254 1894 Quin
276 1817 309 1880 in
337 1816 441 1898 primo
463 1817 640 1900 fragmento
662 1816 764 1882 libelli
792 1816 917 1882 initium
939 1813 1226 1898 deprehendamus,

82 1939 179 1986 nemo
202 1921 235 1985 in
257 1917 488 1984 dubitationem
506 1919 643 1984 vocabit.
694 1918 776 1983 Nam
801 1937 839 1983 eo
862 1917 958 1984 totius
981 1917 1227 2000 scriptiunculae

83 2022 252 2089 eonsilium
267 2019 348 2084 illud
362 2019 536 2085 indicatur:
560 2018 1032 2106 cappoodvquraeeeptorem
1047 2037 1117 2085 sese
1133 2037 1222 2102 prae·

83 2131 170 2191 stare
181 2124 363 2188 Homerum.
387 2120 489 2198 Quam
501 2121 542 2186 ob
558 2141 624 2186 rem
636 2122 781 2188 omnibus
796 2120 946 2188 heroibus
959 2120 1228 2205 simplicissimum

82 2226 196 2292 tribuit
210 2227 339 2306 victum,
362 2241 487 2306 semper
501 2242 591 2288 assas
607 2243 717 2288 carnes
739 2231 835 2305 atque
851 2243 906 2288 eas
926 2224 1027 2305 bovis,
1049 2242 1114 2288 non
1129 2219 1226 2287 haedi

83 2334 141 2396 aut
155 2329 232 2412 agni
249 2328 297 2407 (fr.
313 2327 351 2404 1).
387 2325 502 2407 Neque
516 2324 658 2408 piscibus
673 2328 728 2390 aut
742 2325 857 2390 avibus
872 2324 993 2390 inducit
1007 2325 1080 2390 illos
1096 2343 1225 2390 vescen-

83 2437 134 2498 tes
150 2432 197 2511 (fr.
213 2432 255 2514 2),
277 2449 336 2500 nec
357 2427 501 2510 frugibus
524 2427 573 2504 (fr.
590 2429 629 2505 3).
667 2427 781 2510 Neque
800 2427 923 2493 coronis
938 2445 1041 2508 neque
1056 2427 1226 2508 unguentis

83 2553 140 2600 eos
162 2533 239 2598 feeit
252 2536 377 2597 utentes
400 2536 432 2594 et
453 2528 523 2596 deis
539 2549 666 2612 quoque
681 2530 859 2612 simplicem
880 2529 989 2594 tribuit
1004 2529 1131 2606 vietum,
1153 2547 1225 2594 nec·

83 2641 134 2700 tar
156 2641 189 2700 et
210 2633 418 2718 ambrosiam,
441 2650 500 2696 nec
519 2636 590 2696 tura
611 2635 666 2696 aut
687 2629 817 2715 myrrha
838 2636 893 2696 aut
914 2650 1051 2698 coronae
1071 2629 1226 2696 adhiben-

82 2742 136 2802 tur
157 2733 200 2798 ad
217 2753 272 2798 eos
287 2732 438 2799 colendos
456 2733 509 2808 (tr.
526 2736 566 2811 4).
604 2731 670 2798 Sed
691 2739 758 2798 tam
772 2733 916 2799 modeste
931 2734 1036 2799 cenati
1050 2734 1106 2798 alii
1129 2733 1227 2799 discis

82 2836 263 2917 iaeulisque
279 2852 350 2900 sese
366 2832 527 2898 oblectant
546 2832 670 2898 ludicro
686 2835 858 2899 certamine
873 2833 915 2898 ad
938 2836 1021 2900 seria
1042 2854 1112 2900 sese
1135 2852 1226 2900 exer-

84 2944 203 3020 centes,
226 2936 284 3002 alii
306 2939 450 3000 cantores
472 2932 606 3000 audiunt
628 2935 677 3013 (fr.
695 2939 735 3010 5).
787 2935 910 3000 Eodem
931 2935 1027 3000 modo
1047 2929 1146 3019 ‘apag
1167 2957 1226 3015 με-

83 3041 181 3127 λέτην
195 3038 262 3102 τῶν
276 3025 478 3118 πολεμικῶν’
504 3041 654 3100 venatum
669 3042 786 3102 exeunt
803 3037 936 3102 iuvenes
953 3037 1001 3113 (fr.
1018 3037 1059 3118 6),
1081 3037 1226 3102 laborum

82 3148 192 3209 autem
207 3147 243 3206 ut
263 3137 406 3206 remedia
420 3139 511 3204 varia
525 3145 681 3204 noverunt
701 3138 832 3204 levandi
848 3157 966 3220 genera
981 3137 1028 3213 (fr.
1046 3141 1085 3215 7).
1120 3138 1241 3204 Etiam'

83 3247 186 3311 lectus
209 3242 312 3326 qualis
335 3259 405 3308 esse
428 3239 560 3322 debeat,
591 3239 685 3305 docet
706 3239 862 3306 Homerus
886 3239 1051 3310 Diomedis
1077 3239 1226 3324 exemplo

82 3335 251 3431 ‘carpende'
277 3345 310 3408 in
335 3344 423 3427 pelle
450 3342 570 3408 bubula
597 3342 808 3408 recumbentis
830 3341 878 3419 (fr.
895 3341 937 3416 8).
986 3341 1055 3408 Nec
1080 3361 1163 3425 quae
1185 3340 1226 3407 de

84 3446 219 3512 heroum
242 3435 418 3532 αὐτουργίᾳ
441 3443 648 3512 Dioscurides
663 3443 878 3527 Chrysippum
892 3450 1018 3510 secutus
1040 3443 1227 3527 disputavit,

86 3539 153 3616 hue
170 3548 329 3632 pertinere
352 3548 519 3631 quisquam
541 3546 672 3630 negabit
694 3547 742 3624 (fr.
759 3549 799 3621 9).
848 3545 907 3612 His
931 3545 1075 3612 omnibus
1097 3565 1226 3612 narran-

86 3651 137 3718 dis
159 3651 254 3716 rebus
276 3655 516 3734 praeceptorem
530 3667 627 3730 agere
641 3647 825 3731 Homerum,
848 3647 914 3713 alia
929 3667 1000 3713 eum
1018 3648 1136 3714 referre
1158 3654 1226 3714 tan·

86 3759 153 3822 tum
182 3751 277 3819 docet
303 3753 515 3834 fragmentum
540 3753 588 3834 to,
618 3749 776 3832 siquidem
804 3749 853 3816 his
881 3751 960 3835 ipsis
983 3750 1096 3816 Dionis
1118 3749 1226 3816 verbis

87 3855 169 3922 haec
191 3855 340 3938 exposuit
353 3850 570 3920 Dioscorides.
606 3851 690 3920 Nam
709 3851 865 3918 Homerus
888 3853 985 3918 etiam
1007 3853 1114 3918 varios
1136 3851 1227 3917 novit

87 3958 193 4040 cibos,
216 3958 312 4027 immo
335 3955 430 4020 etiam
452 3954 554 4020 elixas
577 3973 687 4020 earnes
714 3955 797 4019 varii
827 3955 953 4037 generis
982 3961 1014 4020 et
1040 3954 1164 4019 varium
1193 3953 1239 4016 in·

87 4058 216 4126 modum
237 4063 365 4142 paratas
387 4058 436 4135 (fr.
455 4057 515 4133 11).
552 4055 664 4138 Neque
686 4057 821 4139 piscium
837 4063 892 4122 aut
913 4055 1021 4122 avium
1037 4073 1108 4122 esus
1129 4055 1171 4122 ab
1187 4073 1226 4120 eo
