3018 4736
283 281 343 340 136
724 279 861 336 Bohcrtm
878 279 980 335 Weber
1097 333 1103 344 ,

281 450 467 539 πρόσωπον
489 445 649 537 ὠνόμακε.
683 444 844 518 οὐδέποτε
866 450 902 518 δὲ
921 453 1109 538 χρωμένους
1136 448 1288 537 εἰσήγαγε
1316 453 1424 532 (inser.

281 555 444 634 Lohrsius)
470 552 525 621 διὰ
540 556 607 619 τῶν
621 557 803 640 γενομένων
820 546 936 619 αὐτῶν.
967 545 1005 620 οὗ
1019 550 1081 638 γὰρ
1104 552 1136 618 οἱ
1150 555 1209 639 τῆς
1224 551 1426 641 Πηνελόπης

282 660 463 745 μνηστῆρες
492 650 571 722 οὗθ’
597 657 630 723 οἱ
655 661 802 732 Φαίακες
832 648 912 722 οὗθ’
939 655 972 722 oi
1000 653 1146 721 ἐπὶτῶν
1172 657 1304 722 θυσιῶν
1332 653 1426 721 ἐστέ-

283 783 397 848 φοντο.
432 751 505 824 ἀλλ’
524 759 607 836 ἰ’σαις
630 751 698 825 ἀπὸ
719 761 778 844 τῆς
799 755 883 827 κατὰ
903 755 964 844 τὴν
986 754 1153 842 tuatonis
1177 754 1344 845 στεφάνης
1364 755 1424 824 διὰ

282 861 320 928 τὸ
343 860 531 947 κυκλοτερὲς
554 859 683 948 εἴρηται
705 861 754 940 (ci.
778 860 1017 928 Fricdlaeudcr.
1037 859 1080 926 ad
1099 861 1159 926 loc.
1182 863 1337 944 02251).
1373 862 1426 928 De

283 966 452 1049 unguentis
482 971 589 1032 autem
618 963 700 1030 haec
728 964 873 1030 conteras
902 963 1074 1030 Aristonici
1101 964 1202 1029 verba
1228 961 1272 1030 ad
1296 962 1426 1034 Ξ111ε

284 1061 424 1154 ἡδιιιλῆ
445 1063 499 1133 ὅτι
519 1063 622 1150 μύρον
643 1062 702 1146 μὲν
725 1055 782 1129 οὐκ
804 1055 968 1146 ὀνομάζει,
991 1067 1235 1148 τεθυμιαμένον
1259 1062 1295 1128 δὲ
1313 1061 1425 1129 ἐ’λαιον

284 1167 322 1234 τὸ
345 1167 449 1252 μύρον
471 1169 573 1251 λέγει,
603 1163 689 1230 ὥστε
717 1163 841 1231 εἰδέναι
868 1163 928 1252 τὴν
953 1169 1087 1252 χρῆσιν,
1115 1164 1153 1232 τὸ
1178 1165 1213 1232 δέ
1241 1155 1347 1249 ὄνομα
1367 1164 1423 1250 μή.
1493 1169 1494 1246 i

286 1272 373 1356 λέγει
401 1268 437 1334 δέ
464 1293 531 1334 nov
557 1262 719 1355 ’ῥοδόεντι
745 1267 781 1333 dd
806 1281 896 1352 χρῖεν
919 1261 1033 1354 έλαίιμ’
1060 1271 1101 1352 (ψ
1118 1271 1191 1346 186)
1218 1270 1275 1334 καὶ
1301 1262 1426 1333 (κάλλει
1494 1349 1495 1358 ¹

285 1371 400 1456 μὲνοὶ
425 1372 542 1456 πρῶτα
571 1373 626 1448 (so.
650 1369 712 1456 οἵῳ
735 1375 865 1456 χρίεται
884 1361 1091 1458 Ἀφροδίτη)’
1117 1375 1150 1447 (o
1167 1374 1237 1448 191)
1266 1367 1370 1454 μύρου
1392 1395 1425 1436 τι
1494 1365 1495 1402 ³

285 1477 378 1561 γένος
400 1465 702 1558 ὀνοματοποιῆσας.
739 1473 1424 1558 810111οε001010000010100011001860
1495 1529 1496 1536 ,

286 1574 339 1644 ὅτι
356 1575 416 1660 μὲν
431 1567 613 1658 ὀνομασίαν
629 1567 748 1660 ἇγνσεῖ,
770 1573 830 1658 τὴν
846 1573 881 1640 δὲ
897 1579 1072 1640 σκευασίαν
1089 1569 1169 1655 aide,
1192 1581 1225 1642 et
1246 1575 1328 1643 hacc
1351 1597 1424 1660 quo·

287 1700 351 1765 que
370 1679 433 1746 huo
447 1679 606 1763 pertinent
627 1677 670 1744 ad
692 1698 713 1742 σ
730 1680 806 1743 192:
828 1673 950 1762 κάλλει]
974 1678 1029 1743 νῦν
1044 1673 1087 1741 τὰ
1101 1674 1200 1763 μύρα.
1222 1677 1260 1743 V.
1284 1677 1425 1756 (01001-

286 1781 374 1848 uuth.
397 1780 440 1847 ad
462 1781 534 1858 loc.)
547 1781 580 1858 ²).

371 1884 504 1948 10003
520 1881 1084 1976 010010005011010-10)00
1102 1880 1428 1967 1100000100
1497 1861 1498 1882 ¹

289 1987 394 2064 (1035
416 2006 447 2070 p.
467 1985 692 2068 1101146)
725 2003 806 2067 quae
835 1984 876 2050 de
904 1984 1089 2069 poculorum
1117 1983 1291 2050 honoribus
1320 1983 1427 2067 dispu·
1498 2055 1499 2062 χ

376 2173 398 2234 1)
420 2168 523 2224 Eodem
546 2171 610 2222 sunt
632 2165 773 2239 referenda
798 2166 898 2222 codicis
915 2167 1065 2222 victoriani
1087 2166 1159 2236 apud
1182 2166 1267 2222 Bekk.
1287 2167 1323 2222 ad
1340 2173 1428 2224 Atto
1499 2231 1500 2240 η

288 2255 369 2308 hacc:
388 2253 532 2324 στέφανον
543 2251 572 2308 δὲ
585 2242 660 2317 ὅλαις
672 2245 724 2308 οὐκ
736 2247 812 2309 οἶδεν
826 2246 841 2308 ὃ
853 2247 977 2325 ποιητής,
996 2244 1047 2309 οὐκ
1062 2248 1094 2308 ἐν
1106 2254 1178 2323 νίκη,
1196 2245 1249 2309 οὐκ
1266 2249 1298 2308 ἐν
1309 2255 1428 2318 θυσίαις,

291 2332 342 2394 οὐκ
361 2335 392 2394 ἐν
409 2339 567 2412 συμποσίῳ.
592 2337 627 2391 cf.
646 2337 741 2392 Lehrs.
759 2338 778 2392 1.
788 2337 806 2392 1.
825 2341 922 2406 p.198.

375 2427 400 2489 2)
417 2423 499 2477 Plane
516 2423 570 2476 huc
587 2421 734 2490 quadrant,
753 2437 821 2491 quae
838 2422 992 2476 Athenaeus
1010 2409 1064 2476 XV
1078 2437 1106 2490 p.
1117 2422 1210 2486 6880‘1,
1228 2421 1274 2476 uhi
1290 2420 1380 2476 insius
1397 2420 1430 2475 de

290 2507 397 2577 myrrha
414 2507 567 2575 disputavit,
585 2506 683 2561 habet:
704 2500 720 2563 ὃ
738 2506 768 2563 δὲ
778 2497 902 2578 Ὅμηρος
919 2501 970 2577 τὴν
986 2505 1039 2574 μέν
1054 2508 1155 2578 χρῆσιν
1173 2502 1231 2564 οἶδε
1248 2510 1307 2563 τῶν
1324 2503 1429 2582 μύρων,

290 2588 370 2649 ἔλαια
393 2591 423 2648 δέ
440 2584 511 2648 αὐτὰ
529 2595 612 2647 καλεῖ
631 2583 696 2657 μετ’
713 2587 861 2656 ἐπιθέτου,
878 2585 1022 2663 ιῥοδόεντι
1037 2598 1119 2664 χρῖεν
1136 2584 1236 2666 ίλαίῳ’
1252 2595 1288 2663 (ψ
1302 2596 1362 2659 tao)
1383 2596 1430 2649 καί

290 2671 416 2748 ἀλλαχοῦ
433 2674 462 2732 δὲ
479 2675 553 2748 λέγει
570 2697 596 2732 τι
609 2667 815 2746 ‘veducus-‘vor'
830 2678 866 2742 (Ξ
878 2677 943 2741 111).
974 2674 1107 2730 Secuntur
1125 2675 1216 2732 eadem
1234 2677 1359 2746 exempla
1375 2693 1429 2732 am-

289 2763 361 2832 plius
378 2763 512 2816 enarrata.
546 2760 590 2814 Ex
609 2760 767 2816 Dioscuridu
783 2761 828 2814 vix
850 2762 965 2828 possunt
986 2760 1039 2814 hnc
1060 2761 1163 2816 inserta
1184 2776 1253 2816 esse.
1290 2761 1429 2832 Pamphilo

291 2847 465 2902 haecomnia
483 2845 575 2900 deberi
592 2845 827 2900 schoenemannus
851 2844 989 2899 contendit
1009 2847 1037 2898 iu
1056 2846 1121 2901 diss.
1139 2847 1225 2901 Boun.
1241 2840 1286 2900 ‘de
1303 2846 1430 2916 lexicogr.

290 2933 392 3004 antiqu.
410 2932 457 3002 qui
473 2947 562 2986 rernm
579 2930 698 2985 ordinem
715 2931 802 2985 secuti
818 2922 895 2985 sunt'
915 2933 980 2984 1886
997 2946 1024 2999 p.
1037 2935 1085 2984 110
1095 2946 1152 3000 sqq.
1185 2931 1265 2985 certo
1282 2930 1432 3002 principem

291 3018 421 3086 originem
437 3017 472 3072 ab
489 3016 647 3072 Aristarcho
665 3015 776 3071 ducunt.

378 3107 403 3168 3)
420 3101 457 3156 Ut
472 3101 501 3155 in
517 3101 571 3156 tv
588 3116 629 3156 cc.
642 3105 674 3154 10
692 3102 771 3156 0100
789 3116 842 3169 quo
859 3099 1005 3155 videbimus
1022 3104 1052 3155 10
1063 3101 1105 3155 ab
1122 3100 1182 3170 ipso
1201 3101 1341 3158 Athenaeo
1360 3118 1431 3156 coru-

292 3189 387 3259 positis
398 3185 559 3241 Naucratita
570 3184 758 3240 Dioscuridem
773 3185 932 3254 compilavit,
950 3185 1039 3253 potuit
1055 3185 1135 3239 etiam
1153 3185 1181 3240 in
1199 3202 1239 3241 cc.
1255 3191 1267 3241 1
1281 3193 1309 3241 et
1321 3191 1345 3254 2,
1363 3203 1433 3256 quae

293 3275 386 3330 eodem
408 3270 487 3324 modo
511 3269 628 3339 undique
652 3268 862 3335 consarcinavit,
888 3273 1031 3337 autequam
1054 3270 1082 3323 in
1105 3285 1145 3324 cc.
1159 3273 1246 3327 3-10
1268 3271 1432 3328 Herodicum

293 3362 402 3414 secutus
414 3356 542 3411 continua
550 3356 672 3409 oratione
683 3353 716 3408 de
725 3355 868 3408 Homerico
881 3353 1000 3420 convivio
1010 3354 1109 3410 collato
1121 3369 1181 3409 cum
1190 3355 1331 3413 Platonico
1342 3357 1432 3414 Xeno·

294 3444 411 3512 phouteo
428 3439 563 3508 Epicureo
581 3439 732 3508 disputaret
756 3439 802 3505 (01.
821 3438 949 3493 Schmidt.
968 3438 1001 3492 de
1018 3439 1151 3494 Herodico
1169 3441 1304 3509 01010100,
1321 3443 1431 3513 Eibiug.

295 3531 369 3582 1880.
386 3543 414 3595 p.
429 3525 542 3595 quq.).
572 3523 649 3592 Quod
667 3538 698 3578 eo
716 3523 822 3578 10011100
839 3523 910 3579 forte
926 3525 1070 3592 putareris,
1090 3524 1114 3580 si
1130 3526 1303 3580 Aristarchea
1320 3528 1433 3596 vestigia

293 3611 431 3679 agnoveris
457 3611 485 3664 in
509 3610 561 3676 eis,
584 3623 653 3679 quac
674 3609 708 3663 de
725 3609 932 3677 Bellerophonte
955 3613 983 3663 et
1003 3609 1148 3680 Lyciorum
1172 3627 1233 3680 rege
1255 3615 1291 3677 (Z
1305 3615 1353 3666 101
1364 3619 1432 3681 sqq.)

295 3701 453 3750 enarrantur
474 3699 595 3763 018510
622 3690 722 3767 διόπερ
746 3684 810 3750 οὐδὲ
833 3684 980 3767 πρότερον
1002 3687 1137 3766 ἠρώτων,
1160 3693 1263 3762 otum
1286 3694 1344 3754 εἷεν
1366 3691 1432 3754 ἀλλ’

293 3773 422 3855 ὕστερον,
441 3773 480 3845 ὡς
497 3775 548 3852 τὴν
565 3781 660 3847 ξενίαν
678 3771 764 3850 αὐτὴν
782 3782 918 3848 τιμῶντες
935 3772 1000 3836 ἀλλ’
1016 3773 1050 3837 οὐ
1067 3775 1134 3846 τοὺς
1151 3778 1183 3837 ἐν
1199 3781 1277 3855 μέρει
1293 3786 1343 3838 καί
1360 3777 1432 3840 καθ’

294 3866 417 3926 ἕκαστον
433 3860 521 3938 ἡμῶν.
557 3863 702 3920 Aristonici
719 3869 809 3919 autem
824 3863 860 3918 ad
877 3867 962 3920 2110
979 3867 1055 3920 sunt:
1075 3855 1120 3922 ὅτι
1137 3861 1206 3933 ἔθος
1221 3858 1256 3937 ἧν
1273 3863 1352 3942 παρὰ
1371 3878 1433 3934 τοῖς

295 3958 427 4017 παλαιοῖς
449 3951 565 4018 ξενίζειν
582 3945 735 4023 πρότερον,
757 3943 818 4006 εἶτα
841 3945 1038 4006 πυνθάνεσθαι
1056 3951 1133 4018 τίνος
1156 3949 1252 4009 ἕνεκεν
1269 3944 1433 4026 παραγεγέ-

297 4057 378 4096 υασιν
396 4035 424 4094 οἳ
441 4036 523 4104 ξένοι.
559 4034 652 4105 Neque
669 4041 759 4090 tanen
775 4034 843 4090 haec
866 4035 1017 4090 observatio
1035 4036 1192 4093 Aristarcho
1214 4040 1270 4092 taur
1287 4037 1432 4107 peeuheris
