3008 4734
216 317 257 372 De
275 316 442 373 Dioscuridis
461 322 526 392 περὶ
543 321 602 376 ταῖν
619 311 687 388 παρ’
701 311 813 393 Ὁμήρῳ
831 313 929 387 νόμον
946 320 1044 376 libello.
1141 321 1201 380 113

38 478 104 548 ἐπ’
137 478 243 572 αὐτὴν
266 482 372 565 ἰόντες
398 491 459 575 βίῳ
485 481 635 573 ἥρπαζον
656 489 711 554 καὶ
741 481 929 575 ἀφῃροῦντο
954 488 1032 566 τοὺς
1060 489 1203 572 έχοντας,

38 588 101 652 καὶ
128 585 220 669 μετὰ
241 591 300 669 τῆς
323 582 484 672 ἀκοσμίας
507 587 652 674 ἐγίνοντο
675 591 731 655 καὶ
754 588 863 677 φόνοι.
897 587 934 667 ἑξ
955 583 1000 655 ῶν
1023 588 1110 667 εἰκός
1132 593 1202 674 λεχ-

37 691 163 772 θῆναι
191 691 246 755 καὶ
268 688 328 775 τὴν
352 683 579 771 ἀτασθαλίαν,
607 683 660 757 ότι
689 689 722 756 ἑν
744 704 819 768 ταῖς
846 692 987 812 θαλίαις
1014 690 1057 756 τὰ
1085 695 1204 776 πρῶτα

40 787 337 876 ἐξημάρτανονς
305 816 337 856 οι
366 786 547 877 ἀνθρωπου
577 791 625 869 εἰς
654 785 824 878 ἀλλήλους.
865 787 912 869 ῶς
941 791 976 858 δὲ
1004 797 1202 918 πῳρεγένετο

40 884 171 970 αὐτοῖς
199 889 305 978 πολλὴ
336 890 371 958 ἑκ
391 895 450 978 τῆς
466 891 663 984 Δήμητρος,
692 889 885 976 διένεμον“
869 891 997 978 εκάστῳ
1025 893 1117 981 ἰ’σην,
1145 896 1239 960 καὶσ

41 985 161 1070 οὕτως
186 992 233 1070 εἰς
255 991 378 1077 κόσμον
399 979 485 1079 ἦλθε
502 1007 574 1070 τοῖς
596 987 795 1080 ἀνθρώποις
816 1018 858 1058 τα
846 955 995 1079 δόρπά.
1031 990 1123 1061 διό”
1101 1019 1202 1080 αρτου

39 1118 80 1158 τε
106 1091 250 1160 ἐπίνοια
272 1093 447 1178 πέμματός
475 1119 512 1160 τε
540 1095 588 1172 εἰς
615 1095 690 1168 ἰ’σον
719 1095 1021 1178 διαμεμοιραμένου
1048 1098 1104 1162 καὶ
1132 1110 1203 1174 τοῖς

42 1195 271 1261 διαπίνουσιν
295 1191 421 1261 ἀλεισα.
458 1194 598 1281 καὶγὰρ
620 1200 725 1262 ταύτα
748 1195 795 1273 εἰς
816 1193 929 1281 <τό>”
915 1217 987 1262 ισον
1007 1196 1202 1284 χωρούντων

41 1295 193 1382 ἐγίνετο.
227 1289 313 1361 ῶστε
334 1291 354 1381 ἡ
377 1294 484 1384 τροφὴ
509 1296 583 1374 δαὶς
606 1294 663 1363 ἑπί
685 1299 733 1382 τῶ
752 1297 912 1364 δαίεσθαι
935 1299 1073 1383 λέγεται,
1097 1291 1202 1364 iiam

43 1399 306 1484 διαμοιρᾶσθαι
321 1389 378 1462 ἐπ’
390 1396 479 1484 ἰ’σης·
497 1398 554 1462 καὶ
569 1392 585 1462 ό
599 1395 641 1462 τὰ
652 1401 730 1484 κρέα
746 1390 860 1463 ὀπτῶν
875 1397 1020 1485 δαιτρός,
1037 1396 1111 1464 ἐπεὶ
1125 1397 1201 1486 ἰ’σην
1225 1411 1253 1461 1⁰

42 1497 185 1585 ἑκάστῳ
200 1511 319 1584 μοῖραν
335 1496 455 1565 ἐδίδου.
484 1501 540 1564 καὶ
556 1497 613 1564 ini
628 1497 738 1581 μόνων
755 1492 947 1584 ἀνθρώπων
964 1500 1062 1566 δαῖτα
1078 1501 1164 1584 λέγει
1182 1495 1199 1565 δ

43 1599 210 1688 ποιητής,
233 1598 290 1665 ἐπὶ
307 1599 342 1665 δὲ
357 1604 487 1688 θηρίων
503 1593 560 1666 ούκ
581 1598 640 1666 ἐ’τι.
674 1594 800 1684 ἀγνοῶν
816 1599 852 1664 δὲ
866 1598 987 1686 ταύτης
1008 1603 1067 1686 τῆς
1089 1603 1202 1688 φωνῆς

41 1700 107 1786 τὴν
134 1701 277 1785 δύναμιν
300 1701 527 1788 Ζηνόδοτος
550 1699 583 1766 ἑν
604 1703 645 1787 τῇ
665 1693 739 1766 κατ’
760 1693 859 1765 αὐτόν
882 1699 1010 1767 ἐκδόσει
1030 1701 1169 1790 γράφει·

363 1883 369 1894 ι
391 1796 509 1878 αὐτούς
531 1801 567 1868 δὲ
589 1800 712 1888 ἑλώρια
734 1804 825 1882 τεῦχε
848 1801 999 1868 κύνεσσιν

261 1902 411 1970 οἰωνοῖσί
431 1928 469 1969 τε
491 1903 589 1969 δαῖτα
613 1907 662 1984 (Α
678 1905 779 1987 43η),
1225 1914 1252 1964 15

43 2003 109 2092 τὴν
133 2008 204 2070 τῶν
225 2007 339 2088 γυπῶν
360 2007 415 2072 καὶ
444 2009 510 2071 τῶν
533 1999 642 2069 ἀλλων
665 2003 792 2069 οἰωνῶν
813 2001 941 2091 τροφὴν
967 1995 1053 2070 ούτω
1074 2005 1199 2083 -καλῶν,

45 2105 160 2188 μόνου
176 2099 361 2225 ἀνθρώπου
379 2109 561 2225 χῳρούντος
584 2103 632 2182 εἷς
652 2103 690 2170 τὸ
706 2103 780 2171 ίσον
796 2103 838 2169 ’ἑκ
859 2127 917 2190 της
939 2103 1092 2189 πρόσθεν
1113 2108 1200 2187 βίας.

46 2205 102 2274 διδ
137 2208 196 2272 καὶ
224 2204 326 2289 μόνου
351 2204 471 2271 τούτου
499 2201 649 2291 ἡτροφὴ
674 2203 763 2284 δας,
792 2229 846 2270 και
874 2215 976 2289 μοῖρα
1004 2201 1042 2269 τδ
1073 2202 1200 2288 ἑκάστῳ

49 2306 245 2392 διδόμενον.

142 2401 201 2475 οὐκ
223 2407 342 2496 ἐ’φερον
365 2407 401 2472 δὲ
423 2405 535 2472 οἴκαδε
556 2429 627 2488 παρ
631 2399 786 2490 ’Ὁμήρῳ
809 2428 842 2469 οι
833 2403 1058 2525 “δαιτυμύνες
1074 2430 1116 2470 τα
1104 2403 1199 2470 λει-
1224 2423 1251 2472 20

47 2509 197 2593 πόμενα,
221 2502 305 2574 ἀλλὰ
325 2511 542 2594 κορεσθέντες
562 2507 740 2572 κατέλιπον
754 2529 824 2590 παρ
828 2491 949 2582 ὀἷς
928 2531 968 2590 ην
989 2500 1008 2591 ἡ
1033 2504 1123 2582 δαίς·
1144 2507 1200 2571 καί

47 2605 197 2692 ἡταμία
212 2611 360 2694 λαβοῦσα
375 2606 507 2692 ελχεν,”
492 2634 546 2675 ινα
562 2602 602 2674 ἀν
616 2632 668 2686 τις
691 2601 852 2695 ἀφίκηται
874 2606 1066 2690 ξένος,”εχοι
1085 2607 1199 2673 δοῦναι

51 2704 157 2796 αύτῳ.

560 2812 694 2878 xxxv.
739 2764 746 2780 ’

141 2931 280 2998 Athen.
302 2928 397 2996 113(ὶ
425 2926 552 3012 ἑκάστῳ
581 2928 616 2992 δὲ
644 2931 710 2992 τῶν
734 2926 940 3010 δαιτυμόνων
962 2920 1045 3012 παρ’
1068 2922 1199 3011 Ὁμήρῳ

52 3030 259 3118 παράκειται
287 3028 457 3117 ποτήριον.
502 3026 686 3116 Δημοδόκῳ
714 3031 791 3113 γοῦν
825 3033 863 3108 (θ
885 3032 936 3107 69)
969 3030 1199 3111 παρατίθεται
1222 3041 1251 3092 25

73 3217 76 3224 ’
142 3223 244 3302 4εηη.
274 3219 373 3282 Plut.
397 3219 519 3299 quaest.
535 3215 660 3282 conviv.
683 3215 715 3280 II
732 3219 781 3298 10,
803 3219 865 3280 114
887 3203 967 3278 ὅσον
985 3211 1021 3277 δὲ
1039 3207 1198 3296 χρόνονὴ

56 3323 177 3404 Μοῖρα
201 3313 297 3384 uai‘
279 3343 298 3403 η
321 3314 472 3398 Λάχεσις
500 3312 630 3401 ἰσότητι
651 3312 710 3400 τὴν
733 3311 875 3401 περὶτὰ
898 3313 1018 3380 δεῖπνα
1038 3313 1094 3378 καὶ
1117 3332 1199 3394 συμ-

55 3418 165 3486 πόσια
197 3423 371 3484 κοινωνίαν
400 3414 592 3500 ἐβράβευον,
626 3409 721 3483 οὐδὲν
751 3411 885 3483 ἰδεῖν”
863 3437 1008 3498 ακοσμον
1035 3399 1089 3500 ἦν,
1123 3405 1196 3477 ούδ

58 3511 292 3605 ἀνελεύθερον·
324 3511 408 3583 ἀλλὰ
430 3519 486 3582 καὶ
509 3514 551 3580 τὰ
574 3515 694 3583 δεῖπνα
720 3517 837 3594 δαῖτας
865 3515 1016 3595 ἐκάλουν,
1045 3515 1101 3579 καὶ
1123 3511 1200 3590 τοδς

57 3617 277 3704 ἑστιωμένους
292 3618 501 3703 δαιτυμόνας,
518 3617 672 3704 δαιτροὺς
688 3618 724 3683 δὲ
738 3617 816 3695 τοὺς
829 3607 1145 3702 τραπεζοκόμους,
1128 3613 1196 3680 απδ
1221 3630 1250 3679 30

57 3725 116 3787 τοῦ
138 3723 279 3807 διαιρεῖν
300 3721 355 3785 καὶ
379 3720 555 3802 διανέμειν.
1156 3763 1160 3774 .

143 3828 184 3888 24
196 3843 265 3908 sqq.
298 3824 400 3888 Plut.
424 3827 545 3905 quaest.
567 3822 692 3887 conviv.
715 3821 812 3902 1110,
835 3824 883 3884 14
905 3821 1014 3883 καίτοι
1035 3821 1110 3882 τίνα
1133 3817 1199 3897 ἔχει

60 3921 234 4011 διαφοράν,
256 3921 371 3988 κύλικα
392 3913 644 4006 καταστήσαντα
664 3921 731 3984 τῶν
753 3919 955 4006 κεκλημένων
977 3916 1113 4002 ἑκάστῳ,
1143 3917 1198 3980 καί

58 4027 135 4102 χοῦν
157 4022 410 4111 ἐμπλησάμενον
432 4021 524 4087 σ’ίνου
545 4023 601 4087 καὶ
622 4017 790 4107 τράπεζαν
812 4017 901 4086 ἰδίαν
922 4021 989 4084 κτλ

109 4133 224 4188 Ῑπίητὶςοι
236 4131 336 4174 Studien.
354 4128 391 4171 XL
996 4123 1011 4172 8
