3018 4736
303 295 363 354 140
744 295 880 351 Robertus
898 295 998 352 Weber

385 469 494 552 Ipsum
516 487 593 535 vero
615 474 704 535 stoao
726 469 860 536 alterum
880 475 1004 554 patrem
1025 469 1145 536 adiisse
1164 469 1292 537 videtur
1306 469 1446 538 Dioscu-

301 570 387 638 rides
402 571 436 636 in
450 570 679 637 conscribendo
701 572 783 638 lihro
799 571 1082 656 Chrysippum,
1107 572 1196 640 cuius
1216 591 1332 640 nomen
1354 573 1446 657 apud

300 671 501 740 Athenaeum
522 672 670 740 laudatur
691 694 723 758 p.
741 670 809 738 18¹³.
854 673 1014 740 Brunkius
1036 674 1165 757 quidem
1188 679 1231 759 (p.
1247 678 1279 754 9)
1305 675 1346 742 ah
1369 676 1446 759 ipso

299 773 466 842 Athenaeo
489 776 581 842 stoici
608 768 800 842 mentionem
823 775 972 842 iniectam
994 795 1065 843 esse
1087 777 1212 860 putavit
1234 778 1323 844 velut
1343 796 1376 861 p.
1392 780 1446 842 9⁶.

300 878 366 945 Sed
388 879 434 945 ibi
456 878 549 944 aliter
563 897 614 943 res
637 895 708 944 sese
723 876 829 943 habet.
864 877 954 956 Quae
976 878 1043 945 illic
1064 877 1234 946 laudantur
1249 878 1445 964 Chrysippi:

299 981 355 1045 καί
371 976 408 1046 τδ
426 976 518 1064 παρὰ
535 979 673 1072 πολλοῖς
696 975 1004 1063 λασταυροκάκαβον
1022 977 1222 1063 καλούμενον
1244 981 1373 1065 βρῶμα,
1397 976 1447 1056 ὥς
1492 994 1493 1076 ἡ

300 1103 383 1170 φησι
398 1079 605 1168 Χρύσιππος
626 1081 727 1148 Suida
747 1087 877 1148 auctore
899 1102 925 1149 s.
941 1103 972 1148 v.
988 1079 1297 1168 λασταυροκάκαβος
1310 1084 1446 1167 plenio-
1492 1077 1493 1110 ί

299 1206 366 1252 rem
389 1185 589 1252 Athenaeum
611 1190 719 1251 secuto
742 1204 783 1250 ex
805 1185 896 1251 libris
918 1192 1045 1270 sumpta
1066 1191 1139 1253 suut
1160 1185 1239 1270 περί
1260 1185 1363 1250 καλοῦ
1386 1185 1446 1249 καὶ

179 1361 181 1370 ¹
299 1281 419 1374 ἡδονῆς
431 1287 462 1364 ¹).
506 1286 574 1352 Hos
600 1293 707 1353 autem
737 1287 819 1354 inter
844 1285 1002 1352 Athenaei
1030 1288 1149 1371 fontes,
1178 1307 1258 1372 quos
1286 1289 1357 1372 ipse
1388 1306 1445 1353 ox-

300 1389 477 1473 scripserit,
506 1387 671 1456 habendos
702 1407 772 1456 esse
801 1387 1037 1473 contendimus,
1066 1409 1105 1456 ac
1132 1391 1269 1474 primum
1299 1389 1445 1473 quidem,
1493 1454 1494 1482 ,

300 1490 386 1575 quod
408 1492 596 1576 plerumque
618 1491 788 1576 diligenter
809 1492 960 1558 librorum
981 1493 1104 1558 numeri
1126 1492 1277 1574 citantur,
1305 1491 1353 1557 IV
1367 1489 1448 1556 137f
1493 1495 1494 1540 Τ

299 1592 380 1658 XIII
403 1596 485 1658 565²·
512 1599 642 1676 quartus
668 1594 764 1678 liber,
800 1591 934 1659 111erd
962 1593 1039 1660 VIII
1063 1591 1252 1659 33513311
1284 1593 1334 1658 IX
1361 1596 1445 1658 373²

298 1695 376 1760 XIV
391 1693 491 1758 61611
507 1696 644 1778 quintus,
667 1695 744 1760 VIII
759 1699 840 1762 3350
858 1696 1011 1780 septimus
1026 1695 1175 1762 laudatur
1189 1695 1279 1761 liber.
1315 1695 1444 1761 Deinde

300 1817 382 1880 quae
398 1817 440 1863 ex
455 1804 567 1881 quarto
582 1797 664 1864 libro
687 1797 778 1874 (XIII
793 1799 885 1875 565⁸)
909 1797 950 1863 de
964 1797 1134 1864 barbarum
1155 1815 1285 1864 rasurae
1307 1795 1444 1863 historia

300 1904 493 1982 enarrantur,
515 1899 679 1983 amplioris
694 1899 831 1966 ambitus
845 1905 926 1983 sunt,
950 1918 1045 1982 quam
1062 1904 1096 1964 ut
1110 1897 1321 1964 intercedenti
1343 1899 1443 1965 alicui
1494 1912 1495 1992 r

228 2005 234 2016 '
298 2001 421 2067 auctori
443 1999 627 2066 debeantur.
671 1999 762 2079 Quae
790 2002 870 2068 tanti
898 2002 995 2087 spatii
1023 2002 1115 2085 quasi
1137 1999 1314 2067 excusandi
1346 2021 1445 2067 causa
1494 2005 1495 2008 ’

299 2101 349 2168 his
371 2101 578 2169 indicuntur:·
597 2092 654 2166 οὐκ
677 2101 821 2187 ἀκαίρως
843 2101 892 2183 δὲ,
922 2097 969 2180 ὡς
995 2098 1136 2186 ἐμαυτὸν
1157 2104 1288 2180 πείθω,
1317 2100 1444 2188 μεμνή-

299 2225 402 2287 σομαι
423 2206 481 2290 τῆς
507 2201 640 2282 λέξεως,
670 2204 772 2272 donec
794 2205 922 2272 tandem
943 2207 1104 2295 leguntur:
1134 2205 1318 2269 καὶταῦτα
1340 2202 1402 2286 μὲν
1426 2199 1442 2268 ὁ

298 2300 492 2390 θαυμάσιος
514 2305 621 2393 ε’ίρηκε
642 2303 857 2391 Χρύσιππος.
902 2307 984 2373 Tum
1006 2306 1100 2373 facile
1122 2307 1314 2390 perspicitur
1335 2307 1443 2390 ipsum

298 2409 500 2476 Athenaeum
515 2429 556 2474 ex
570 2410 722 2492 primario
739 2411 826 2475 fonte
848 2409 897 2474 XI
912 2411 994 2474 373²
1015 2407 1243 2492 parentheseos
1265 2409 1337 2476 loco
1361 2407 1443 2474 haec

300 2532 357 2578 suo
379 2512 480 2577 Marte
506 2511 651 2576 intulisse
679 2510 720 2576 de
747 2529 865 2592 genere
887 2511 976 2576 vocis
1005 2503 1127 2594 ὄρνειςι
1157 2509 1211 2574 καὶ
1234 2506 1443 2595 Χρύσιππος

300 2610 336 2674 δὲ
357 2605 374 2676 ὁ
392 2608 580 2696 φιλόσοφος
602 2606 636 2675 ἓν
650 2613 698 2695 τῷ
714 2613 858 2696 πέμπτῳ
872 2611 950 2697 περὶ
965 2612 1024 2675 τοῦ
1037 2609 1139 2674 καλοῦ
1160 2611 1216 2675 καὶ
1237 2612 1297 2696 τῆς
1318 2606 1440 2697 ἡδονῆς

299 2703 541 2798 γράφειολίτιος
559 2706 831 2798 ’καθάπερτινὲς
851 2709 912 2788 τὰς
934 2709 1049 2788 λευκὰς
1071 2705 1213 2797 ὄρνιθας
1234 2714 1301 2776 τῶν
1322 2714 1440 2796 μελαι-

300 2816 364 2879 νῶν
379 2808 492 2900 ἡδίους
515 2808 600 2879 είναι
620 2807 772 2896 μᾶλλον’.
809 2816 957 2900 Denique
978 2816 1046 2882 fere
1068 2816 1193 2898 integra
1214 2834 1254 2880 ex
1277 2813 1327 2883 his
1350 2817 1442 2884 libris

299 2917 448 2984 videntur
469 2917 580 2982 LVIII
602 2919 708 3003 capita
725 2921 763 2983 13
785 2917 949 3002 usquead
974 2919 1012 2982 16
1035 2916 1150 2984 hausta
1171 2937 1257 3000 esse,
1285 2937 1372 3001 quae
1401 2919 1442 2985 de

300 3021 465 3104 voluptate
482 3026 563 3102 sunt,
587 3021 658 3104 ipsa
679 3041 750 3087 cum
772 3020 1023 3088 testimoniorum
1046 3019 1138 3103 larga
1159 3019 1262 3103 copia,
1285 3026 1440 3104 qnantum

300 3123 430 3207 quidem
450 3128 627 3207 temporum
642 3123 723 3189 ratio
738 3122 885 3205 admittit,
909 3140 990 3204 quae
1006 3122 1088 3187 bene
1103 3120 1251 3186 videntur
1265 3120 1440 3208 Chrysippi

300 3224 441 3290 indolem
463 3223 596 3290 reddere
620 3224 739 3290 citandi
760 3222 983 3290 studiosissimi
994 3225 1027 3298 ²).

385 3326 459 3391 Aha
474 3330 582 3392 contra
598 3331 645 3391 est
659 3325 740 3390 ratio
753 3323 1023 3409 Chrysippeorum
1036 3322 1205 3388 verborum
1219 3343 1250 3408 p.
1263 3320 1321 3386 18ὴ
1336 3325 1387 3403 (fr.
1400 3331 1439 3406 9).

301 3426 391 3506 Quae
405 3447 469 3493 non
483 3432 548 3492 tam
564 3425 658 3492 facile
672 3431 805 3510 possunt
819 3425 944 3509 seiungi
961 3444 1058 3508 quam
1072 3424 1214 3490 Brunhio
1229 3429 1273 3509 (p.
1286 3426 1318 3500 9)
1335 3428 1439 3494 uisum

301 3539 366 3598 est:
400 3527 597 3615 ἐπετήδευον
624 3525 686 3614 γὰρ
714 3525 773 3615 τὴν
803 3520 1052 3593 αὐτοδιακονίαν
1080 3527 1135 3592 καὶ
1164 3524 1438 3610 ἐκαλλωπίζοντο,

302 3633 384 3718 φησὶ
403 3629 614 3719 Χρύσιππος,
636 3632 676 3716 τῇ
697 3627 731 3694 ἐν
746 3627 875 3705 τούτοις
897 3621 1088 3715 εὐστροφίᾳ.
1124 3629 1207 3696 Nam
1223 3631 1352 3698 omniuo
1376 3653 1439 3700 non

300 3743 502 3754 ..—-..---

387 3804 412 3864 1)
429 3799 563 3866 Integrum
581 3799 688 3853 titulum
701 3797 803 3852 Laertii
820 3797 957 3866 catalogus
974 3797 1086 3866 praehet
1103 3795 1283 3862 (V117‚202):
1302 3801 1370 3870 περὶ
1388 3805 1441 3857 τοῦ

300 3887 390 3941 καλοῦ
406 3891 454 3939 καὶ
470 3885 520 3953 τῆς
536 3877 638 3954 ἡδονῆς
654 3879 729 3956 πρὸς
743 3875 974 3955 Ἀριστοκρέοντα
992 3877 1018 3937 ι’.

386 3973 410 4034 2)
429 3967 469 4022 ci.
487 3967 577 4022 Laert.
596 3967 674 4036 Diog.
687 3967 739 4022 Vll
751 3973 774 4033 t,
789 3972 846 4022 180.
861 3972 917 4023 181.
942 3967 968 4020 X
981 3972 1004 4033 1,
1017 3970 1059 4021 27.
1086 3965 1180 4020 Galen.
1199 3967 1232 4020 de
1248 3965 1330 4034 Hipp.
1350 3966 1439 4037 dogm.

300 4055 370 4110 1114
386 4071 413 4126 p.
424 4056 473 4109 314
482 4069 538 4122 sqq.
549 4051 582 4107 Κ.
610 4051 678 4108 Vide
694 4052 826 4108 Zellerum
839 4047 913 4110 ‘sut
926 4052 1023 4122 philos.
1036 4044 1092 4106 Gn'
1106 4051 1148 4106 III
1161 4053 1189 4108 1³
1205 4067 1232 4120 p.
1242 4053 1284 4106 42.
