3008 4734
209 336 251 390 De
267 336 435 391 Dioscuridis
452 340 516 408 περὶ
534 341 593 393 τῶν
610 356 669 408 παρ
691 331 799 411 Ὁμήρῳ
816 331 914 404 νόμων
930 333 1028 389 libello.
1144 333 1182 390 91

15 495 96 572 ’καὶ
120 505 165 572 τὰ
188 506 294 593 ἑξῆς>·
326 502 489 592 ὁσιωτέρα
516 505 577 594 γὰρ
601 499 680 595 αὕτη
703 503 722 594 ή
746 512 852 573 θυσία
880 511 976 582 θεοῖς
1001 508 1058 571 καὶ
1079 527 1185 590 προσ-

38 610 228 696 φιλεστέρα
251 606 269 695 ή
292 606 349 674 διδ
370 611 436 674 τῶν
460 608 589 676 οἰκείων
609 612 665 676 καί
687 603 910 676 εὐνουστάτων
934 601 1072 694 ἀνδρῶν.

130 712 272 778 Athen.
295 713 365 777 19ο
393 715 547 796 Πρίαμος
570 711 605 777 δὲ
627 708 720 796 παρὰ
741 713 790 796 τῶ
811 714 934 799 ποιητῆ
955 712 1011 776 καὶ
1033 702 1186 787 ὀνειδίζει

40 826 119 890 τοῖς
142 812 226 890 υἱοῖς
249 805 461 878 ἀναλίσκουσι
483 810 525 877 τὰ
546 811 591 900 μή
615 816 846 896 νενομισμένα·

154 908 261 1001 ἀρνῶν
282 907 337 1001 ἠδ’
364 913 488 1002 ἐρίφων
511 909 683 1001 ἐπιδήμιοι
705 910 912 1002 ἁρπακτῆρες
934 917 977 994 (Ω
994 918 1078 988 262).
1209 921 1224 970 5

592 1087 634 1151 Π.

132 1203 271 1271 Athen.
287 1206 303 1270 Ι
318 1204 360 1269 9b
381 1206 435 1271 καί
451 1202 527 1281 τούς
544 1206 731 1292 μνηστῆρας
746 1199 904 1290 ὑβριστὰς
919 1197 1016 1279 όντας
1031 1205 1085 1268 καὶ
1100 1200 1187 1288 πρὸς

39 1301 170 1391 ἡδονὰς
192 1298 381 1388 ἀνειμένους
407 1299 481 1370 οότε
504 1303 600 1387 ἰχθῦς
629 1302 807 1381 ἐσθίοντας
835 1317 928 1370 ποιεῖ
950 1299 1024 1369 ούτε
1045 1299 1186 1390 όρνιθας

42 1399 123 1471 οὔτε
145 1408 340 1494 μελίπηκτα,
363 1405 526 1492 περιελών
547 1409 648 1473 παντί
672 1411 786 1472 σθένει
808 1405 869 1483 τὰς
890 1405 1082 1493 μαγειρικὰς
1103 1431 1186 1492 μαγ-

42 1513 189 1592 γανείας,
296 1502 382 1595 αἰνή
406 1506 586 1594 κατασκευή
610 1512 852 1595 περιεργοτέρα.

131 1610 369 1678 Athen.19‘1
395 1605 636 1696 Ἑλλήσποντον
659 1610 694 1676 δὲ
708 1603 853 1696 ’Όμηρος
880 1609 1057 1692 ἰχθυόεντα
1079 1633 1186 1695 προσ·
1210 1619 1238 1670 10

42 1710 213 1797 αγορεόων
228 1716 260 1790 (Ι
271 1715 344 1789 360)
365 1715 420 1779 καὶ
442 1710 519 1790 τοὺς
536 1717 688 1788 Φαίακας
710 1711 986 1788 πλωτικωτάτους
1009 1715 1117 1778 ποιῶν
1131 1715 1186 1778 καὶ

42 1811 80 1878 ἐν
109 1815 150 1900 τῆ
175 1805 292 1900 Ἰθάκη
323 1813 420 1892 εἰδώς
448 1815 582 1899 λιμένας
613 1815 750 1892 πλείους
782 1816 837 1880 καὶ
866 1813 984 1900 νήσους
1013 1827 1187 1900 προσεχεῖς

43 1914 194 1995 πολλάς,
224 1913 257 1980 ἰν
281 1913 334 1992 αῖς
356 1914 482 1997 ἰχθύων
505 1914 627 2002 ἐγίνετο
649 1917 783 2003 πλῆθος
806 1919 862 2002 καὶ
885 1909 1007 2001 ἀγρίων
1028 1909 1185 2001 ὀρνίθων,

41 2018 103 2082 καὶ
133 2015 181 2092 εἰς
209 2008 420 2099 εὐδαιμονίαν
447 2018 483 2083 δὲ
503 2021 720 2104 καταριθμῶν
743 2016 779 2083 τδ
802 2016 861 2104 τήν
884 2016 1061 2084 θάλασσαν
1091 2017 1187 2098 ἰχθῦς

43 2122 215 2204 παρέχειν,
237 2109 328 2199 ὅμως
348 2118 473 2184 τούτων
496 2112 590 2185 οἰδὲν
613 2113 730 2185 οόδένα
753 2133 846 2186 ποιεῖ
867 2117 1149 2206 προσφερόμενον.
1209 2129 1237 2179 15

135 2294 235 2373 6sqq.
258 2289 334 2355 Dio
354 2288 561 2372 Chrysost.
579 2290 611 2354 ΙΙ
626 2291 706 2354 87Β
729 2286 853 2368 ἰχθύων
870 2289 905 2354 δὲ
921 2282 1080 2353 οόδέποτε
1094 2311 1187 2373 γευο-

44 2395 167 2475 μένους
197 2383 315 2466 αύτοδς
343 2385 481 2477 ἰποίησε
508 2391 689 2455 καὶταῦτα
718 2387 775 2455 ἐπὶ
803 2384 973 2478 θαλάττης
1004 2411 1187 2474 στρατοπε-

47 2492 219 2572 δεύοντας,
249 2497 358 2558 καίτοι
386 2489 444 2556 τὸν
464 2487 724 2579 Ἑλλήσποντον,
754 2483 846 2574 ῶπερ
876 2489 980 2571 ἐστίν,
1011 2491 1188 2574 ἰχθυόεντα

47 2593 204 2660 ἑκάστοτε
218 2595 336 2658 καλῶν.
369 2591 457 2658 πάνυ
474 2591 537 2678 γάρ
553 2587 666 2679 ὀρθῶς
690 2587 768 2660 αύτδ
784 2597 881 2660 τοῦτο
899 2585 1186 2681 ἀπεμνημόνευσεν

48 2693 237 2762 δΠλάτων.
276 2687 347 2759 ἀλλ’
369 2686 444 2760 οὐδὲ
465 2693 542 2771 τοὺς
564 2697 751 2783 μνηστῆρας
774 2695 907 2777 ἰχθύσιν
929 2693 1032 2782 ἑστιᾷ,
1056 2695 1187 2782 σφόδρα
1210 2711 1239 2760 20

51 2791 198 2882 ἀσελγεῖς
227 2799 282 2862 καὶ
303 2792 485 2883 τρυφερούς
512 2789 625 2875 ὄντας,
656 2794 689 2861 ἰν
708 2790 825 2884 Ἰθάκη
853 2799 909 2864 καί
937 2801 1041 2864 ταῦτα
1070 2796 1187 2864 ἑστιω-

49 2904 175 2983 μένους.

132 2999 233 3063 Plut.
257 3006 377 3084 quaest.
394 3002 519 3066 eonviv.
536 3001 612 3065 VIII
627 3003 646 3065 8
668 3005 760 3066 11113
783 2992 865 3066 ὅθεν
874 2993 1018 3087 Ὅμηρος
1033 2991 1070 3063 οὗ
1078 2996 1187 3083 ,μόνον

49 3097 126 3176 τοδς
140 3091 302 3188 Ἕλληνας
325 3098 451 3182 ἰχθύων
467 3092 688 3184 ἀπεχομένους
710 3106 872 3187 πεποίηκε
889 3103 968 3187 περὶ
983 3097 1040 3166 τὸν
1053 3095 1187 3185 Ἑλλήσ-

51 3226 173 3267 ποντον
195 3199 534 3288 στρατοπεδεύοντας,
559 3195 632 3268 ἀλλ)
655 3196 729 3268 ούδδ
752 3198 924 3289 ἁβροβίοις
945 3201 1088 3280 Φαίαξιν
1111 3196 1186 3268 οὐδὲ
1210 3217 1238 3266 25

50 3316 119 3380 τοῖς
141 3296 285 3381 ἀσώτοις
305 3307 515 3392 μνηστῆρσιν,
539 3296 743 3391 ἀμφοτέροις
758 3289 832 3372 ούσι
848 3304 1034 3394 νηοιῶταις,
1057 3303 1187 3369 θαλάτ-

51 3430 121 3472 τιον
143 3409 387 3490 παρατέθεικεν
409 3400 507 3489 ὄψον.

132 3510 159 3574 Ρ
166 3511 236 3575 lut.
260 3516 380 3592 quaest.
396 3510 520 3576 conviv.
543 3509 717 3576 1V41114
747 3508 779 3574 οἱ
807 3511 885 3594 γοῦν
906 3501 1010 3594 ῆρωες
1038 3499 1187 3584 εύτελοῦς

50 3612 105 3676 καὶ
122 3610 213 3695 λιτῆς
236 3607 356 3686 ἐθάδες
379 3601 492 3696 ῶσπερ
516 3604 654 3696 ἀσκηταὶ
679 3608 807 3696 διαίτης
830 3605 930 3689 ὄντες,
953 3610 1010 3675 καὶ
1031 3609 1089 3694 τῆς
1110 3633 1187 3690 τρο-

53 3715 116 3799 φῆς
146 3714 260 3776 πᾶσαν
287 3706 406 3797 ἡδονήν
437 3709 598 3776 ἐπίθετον
625 3713 681 3778 καὶ
708 3716 884 3798 περίεργον
912 3704 1106 3797 ἀφελόντες,
1141 3705 1186 3787 ῶς
1209 3727 1238 3777 ιο

53 3807 128 3902 μηδ’
148 3811 263 3894 ἰχθύσι
282 3814 430 3900 χρῆσθαι
452 3811 546 3899 παρὰ
567 3809 625 3878 τδν
643 3808 886 3900 Ἑλλήσποντον
908 3810 1187 3898 στρατοπεδεύον-

53 3937 113 3995 τες,
137 3907 193 3996 οδχ
215 3910 396 3997 ύπέμειναν
417 3914 484 3979 κτλ.

133 4081 281 4136 Ανοτοεπι
308 4085 391 4151 θεηη.
415 4081 513 4136 Plato
532 4081 565 4136 de
582 4095 611 4135 re
628 4081 702 4148 publ.
718 4081 866 4138 111404120.
