3018 4736
228 323 270 378 De
285 322 455 378 Dioscuridis
473 325 614 394 περὶτῶν
632 314 701 392 παρ’
714 314 822 396 Ὁμήρῳ
840 316 938 389 νόμον
954 319 1054 374 libello.
1156 318 1215 377 159

71 495 189 579 opinio.
230 493 324 573 Quod
338 501 446 562 autem
467 495 548 562 illud
570 514 697 578 quoquc
711 495 878 578 legebatur
892 493 978 578 apud
992 491 1217 558 Dioscuridem

69 597 265 664 abstinuisse
287 595 403 663 heroas
424 597 567 680 piscibus
586 589 655 660 ‘nai
676 595 782 658 ταῦτα
812 591 870 660 ἐπὶ
896 593 1070 680 θαλάττης
1091 613 1216 676 στρα-

70 689 400 778 τοπεδεύοντας,
423 697 517 764 huius
533 698 830 764 observatiuncnlae
852 698 942 763 testis
957 695 1146 763 Plutarchus
1169 701 1218 761 est

72 801 109 878 (in
125 806 257 883 quaest.
274 819 365 866 conv.
381 799 426 864 IV
441 804 460 861 4
474 819 515 864 τττ
530 802 561 878 4)
572 803 593 875 ¹)
608 799 746 866 eundem
759 799 880 865 fontem
895 806 1036 866 secutus:
1056 791 1116 874 ‘oie
1133 786 1212 883 μηδ’

71 899 188 981 ἰχθύσι
215 903 365 986 χρῆσθαι
393 897 487 985 παρὰ
515 896 574 965 τὸν
593 895 833 985 Ἑλλήσποντον
861 896 1217 984 στρατοπεδείαν·
1297 907 1304 924 ·

70 995 159 1078 rag?
204 1003 242 1068 ln
265 1023 330 1086 qna
351 1003 481 1086 quidem
502 1023 537 1068 re
559 1009 594 1068 ut
615 1005 649 1068 in
670 1004 766 1068 totius
780 1003 958 1085 argumenti
981 1022 1104 1068 summa
1123 1001 1217 1067 Dios-

7 1153 10 1158 *
70 1104 200 1171 curides
221 1105 343 1188 pendet
364 1106 566 1181 aPlatone²l
589 1105 642 1181 (de
663 1124 699 1170 re
720 1105 808 1188 publ.
823 1105 871 1169 111
885 1125 916 1188 p.
933 1103 1051 1186 404b0),
1074 1103 1109 1168 id
1131 1101 1218 1185 quod

6 1255 8 1260 .
69 1227 127 1272 non
160 1207 248 1290 fugit
270 1207 408 1272 Dionem
430 1207 572 1271 Platonis
594 1207 855 1288 scientissimum,
884 1206 969 1272 uude
995 1207 1081 1271 illius
1103 1205 1217 1271 verba:

6 1358 7 1362 ,
71 1305 157 1372 πάνυ
182 1306 246 1392 γὰρ
269 1299 385 1392 ὀρθῶς
408 1299 486 1372 αὐτὸ
510 1310 607 1372 τοῦτο
631 1299 922 1393 ἀπεμνημόνευσεν
944 1302 1134 1387 δΠλάτων,
1155 1307 1219 1372 nisi

71 1411 150 1477 forte
174 1413 247 1494 ipsc
270 1411 477 1476 Dioscorides
499 1411 657 1477 Platonici
685 1412 859 1477 testimonii
884 1413 1077 1478 mentionem
1099 1410 1218 1476 iniecit.

73 1512 152 1580 Sunt
174 1519 284 1580 autem
306 1512 449 1578 Platonis
471 1510 568 1578 hacc:
596 1514 652 1578 καὶ
681 1505 764 1599 παρ’
788 1506 929 1597 Ὁμήρου
952 1511 994 1576 τά
1015 1535 1052 1595 γε
1078 1512 1219 1576 τοιαῦτα

71 1612 182 1694 μάθοι
197 1607 238 1679 do
252 1636 315 1689 τις.
346 1607 451 1678 οἶσθα
465 1611 536 1698 γάρ,
552 1609 605 1679 δτι
621 1611 679 1679 ἐπὶ
694 1619 869 1696 στρατείας
884 1610 917 1678 ἓν
931 1626 1006 1689 ταῖς
1020 1614 1087 1677 τῶν
1101 1607 1219 1696 ἡρώων

73 1713 263 1782 ἑστιάσεσιν
279 1709 354 1781 οὔτε
370 1715 504 1797 ἰχθύσιν
520 1707 639 1791 αὐτοὺς
661 1713 765 1803 ἑστιᾷ,
787 1718 962 1781 καὶταῦτα
985 1712 1042 1780 ἐπὶ
1064 1711 1218 1834 θαλάττῃ

74 1816 103 1881 ἑν
114 1812 386 1905 Ἑλλησπόντῳ”
366 1842 473 1933 ρντας,
490 1841 565 1882 οοτε
580 1815 704 1902 ἑφθοῖς
717 1822 861 1904 κρέασιν,
879 1811 963 1883 ἀλλὰ
975 1815 1077 1900 μόνον
1089 1807 1219 1893 ὀπτοῖς,

75 1945 93 1982 α
85 1917 156 2007 δὴ
180 1908 373 2003 μάλιστα
352 1944 392 1984 αν
414 1919 465 2006 ε’ίη
489 1918 710 2004 στρατιώταις
725 1913 863 2006 εὔπορα.
900 1922 1073 2002 πανταχοῦ
1093 1915 1156 2003 γὰρ
1174 1910 1220 1992 ὥς

75 2017 156 2096 ἐντος
184 2018 294 2085 εἰπεῖν
323 2011 415 2105 crispi
442 2045 488 2105 τῳ
519 2023 601 2106 περὶ
625 2023 776 2105 χρῆσθαι
803 2014 1033 2106 εὐπορώτερον
1060 2009 1083 2106 ἢ
1106 2013 1220 2104 ἀγγεῖα

77 2121 344 2209 ξομπεριφέρειν.
388 2125 444 2188 καὶ
464 2122 581 2206 μάλα..
602 2115 740 2188 οὐδὲ
699 2147 764 2206 μην
785 2117 994 2208 ἡδυσμάτων,
1017 2117 1063 2197 ὥς
1084 2120 1219 2206 ἔρχομαι,

70 2215 213 2312 Ὅμηρος
234 2221 378 2289 πώποτε
399 2221 559 2311 ἐμνήσθη.
603 2225 654 2290 Ne
674 2227 787 2290 ultima
815 2226 946 2308 quidem
972 2245 1054 2307 quae
1076 2224 1220 2289 Platonis

82 2333 160 2410 sunt,
180 2329 404 2394 Dioscuridem
424 2329 545 2411 fugisse
560 2327 749 2392 documento
764 2334 837 2392 sunt
851 2325 1010 2391 Athenaei
1025 2325 1107 2391 haec
1122 2345 1154 2408 p.
1171 2326 1220 2386 9²:

78 2429 129 2494 καί
154 2422 190 2494 οὗ
206 2433 294 2515 θρῖα
308 2430 364 2494 καὶ
378 2427 538 2515 κανδάλην
553 2429 609 2494 καὶ
632 2421 760 2514 άμρτας
781 2426 969 2514 μελίπηκτά
983 2450 1020 2491 τε
1033 2439 1106 2502 τοῖς
1122 2430 1221 2509 βασι-

78 2531 187 2598 λεῦσιν
211 2528 362 2615 ἐξαίρετα
383 2534 616 2617 παρατίθησιν
630 2519 786 2616 Ὅμηρος.

160 2633 252 2713 Quae
273 2639 423 2698 secuntur
443 2634 531 2716 apud
553 2633 690 2699 Dionem
706 2655 737 2716 p.
754 2634 838 2698 88R
860 2634 901 2700 de
923 2635 1030 2700 verbis
1051 2628 1222 2716 μενοεικὴς

76 2733 164 2814 δαίς,
188 2755 253 2818 qua
273 2736 372 2814 μένος
393 2735 414 2800 i.
431 2754 458 2801 e.
482 2731 573 2814 ἰσχύς
594 2735 794 2819 praebeatur,
823 2755 898 2800 num
920 2735 1103 2801 Dioscuridi
1125 2736 1221 2801 debe-

75 2845 178 2920 antur,
208 2837 410 2920 comprobari
431 2857 495 2902 non
516 2842 637 2918 potest,
667 2855 860 2918 quamquam
883 2838 1003 2919 optime
1030 2840 1078 2902 rei
1106 2856 1220 2902 conve-

75 2941 175 3004 niunt.
221 2936 288 3003 Sed
309 2939 375 3002 iam
397 2936 666 3020 deprehendimus
689 2937 925 3002 Dioscuridem:
947 2937 1053 3000 rodco
1076 2935 1112 2999 δὲ
1135 2936 1222 3018 λέγει

76 3041 128 3115 (de
151 3039 290 3122 simplici
312 3037 444 3104 heroum
460 3039 558 3114 victu)
582 3033 746 3102 διδάσκων
760 3038 816 3101 καὶ
830 3040 1004 3122 παραινῶν
1025 3037 1093 3101 κτλ.
1115 3039 1164 3111 (fr.
1182 3041 1218 3100 11

76 3161 106 3224 p.
124 3145 177 3223 95,
193 3142 331 3216 21-26)
341 3141 374 3216 ³).
418 3139 468 3203 En
490 3137 590 3204 habes
606 3141 692 3222 quod
706 3139 906 3206 Dioscuridis
922 3141 1004 3204 libro
1020 3140 1112 3222 quasi
1134 3139 1221 3221 sigil-

77 3243 143 3306 lnm
165 3242 357 3324 impressum
380 3246 437 3324 est,
460 3241 546 3324 quod
561 3241 718 3308 Homerus
734 3261 925 3325 quamquam
940 3241 1001 3308 hac
1022 3243 1080 3307 illa
1094 3262 1128 3308 re
1150 3242 1221 3306 abs·

76 3346 215 3410 tinentcs
238 3343 353 3409 heroas
376 3344 521 3421 finxerit,
545 3346 681 3427 piscium
703 3345 785 3417 cibo,
808 3344 958 3428 myrrhae
982 3352 1014 3410 et
1036 3335 1222 3410 coronar'um

165 3565 189 3625 1)
209 3559 251 3613 Cf.
269 3559 453 3614 Brunkiuml.
466 3561 484 3613 l.
497 3578 524 3629 p
538 3565 562 3615 3

166 3649 192 3711 2)
210 3644 279 3698 ltcm
301 3643 433 3698 Platonici
454 3644 571 3699 Phaedri
593 3645 726 3714 quendam
747 3647 837 3700 locum
854 3661 881 3712 p
897 3644 960 3698 230ιι
976 3643 1162 3700 Dioscuridcis
1185 3645 1223 3700 eis

83 3731 155 3799 apud
172 3729 273 3783 Athen.
286 3727 399 3782 125ss
376 3729 399 3792 (
398 3745 418 3782 r
439 3733 509 3796 13p.
520 3733 561 3796 98,
573 3733 613 3783 14.
626 3733 667 3795 15)
683 3729 802 3796 subesse,
822 3743 889 3796 quae
905 3728 934 3780 in
946 3727 1054 3782 Tantali
1071 3730 1222 3784 enarrando

83 3815 217 3886 supplicio
236 3813 269 3866 dc
285 3816 393 3880 pastore
405 3819 478 3881 sunt,
493 3829 539 3882 qm
531 3813 646 3868 'virides
658 3813 768 3868 frutices
781 3819 920 3867 ostentans
932 3812 1015 3866 ducat
1026 3814 1152 3882 cupidum
1163 3830 1222 3882 gre·

81 3915 147 3967 gem,
166 3897 436 3964 Schweighaeuscrus
455 3896 547 3951 docuit
564 3897 592 3949 iu
609 3896 784 3950 animadvers.
803 3899 837 3950 ad
854 3898 906 3950 loc.

166 3988 192 4049 3)
210 3979 389 4053 ἐφικνεῖσθαι
411 3982 582 4036 scribendum
607 3996 666 4036 csse
684 3996 822 4036 censemus
845 3997 906 4035 cum
925 3982 1034 4038 Reishio
1053 3987 1080 4038 ct
1098 3982 1222 4050 Empcrio

82 4085 130 4137 pro
150 4067 275 4124 codicum
292 4065 420 4119 memoria
437 4059 627 4135 ἐφικνεῖσθαι.
