3008 4734
6 4153 117 4376 ε

299 313 362 370 114
744 313 881 368 Robertus
898 311 999 366 Weber

296 480 412 546 κάνεον
443 481 498 546 καὶ
531 479 678 566 τράπεζα
710 483 765 548 καὶ
793 481 899 557 δέπας
928 475 1033 546 (πιεῖν
1063 473 1119 546 ὅτε
1147 478 1259 564 θυμὸς
1294 470 1464 563 ἆνώγοί.

297 581 537 669 ἐπιστέφονται
553 581 588 648 δέ
603 595 724 648 ποτοῖο
744 583 777 648 οἱ
791 585 947 670 κρητῆρες
969 586 1019 663 (Α
1034 587 1118 662 470),
1140 575 1217 667 ῆτοι
1237 576 1467 664 ὑπερχειλεῖς

298 684 331 750 οἱ
353 686 511 770 κρατῆρες
533 687 720 764 ποιοῦνται,
744 676 830 750 ὥστε
849 682 905 749 διὰ
919 686 979 749 τοῦ
994 687 1101 749 ποτοῦ
1117 681 1465 770 ἐπιστεφανοῦσθαι,

296 787 480 852 καὶταῦτα
502 782 671 870 ἐπρασσον
693 783 779 871 πρὸς
807 783 927 850 οἰωνοῦ
947 789 1131 868 τιθέμενοι.
1168 786 1283 868 κοῦροι
1311 783 1359 848 δὲ
1388 781 1468 848 δια-

259 898 274 946 5
299 889 435 968 νέμουσι
453 879 573 951 (πᾶσιν
592 883 815 973 ἐπαρξάμενοι
838 878 1014 952 δεπάεσσι’
1034 889 1083 966 (Α
1098 891 1182 962 471).
1215 883 1253 952 τδ
1279 885 1316 950 δὲ
1344 887 1467 950 πᾶσιν

298 981 335 1054 οὗ
357 1001 428 1063 τοῖς
457 992 648 1074 ποτηρίοις,
678 981 763 1054 άλλά
791 1000 863 1064 τοῖς
891 979 1060 1072 άνδράσιν.
1098 980 1266 1064 Ἀλκίνους
1296 989 1392 1072 γοῦν
1419 988 1468 1069 τη]

297 1087 478 1174 Ποντονόῳ
507 1095 606 1176 φησί·
634 1085 735 1173 μέθυ
765 1102 877 1171 νεῖμον
899 1092 1005 1154 πᾶσιν
1036 1080 1098 1154 άνδι
1126 1081 1283 1174 μέγαρον’
1310 1091 1347 1176 (η
1373 1092 1467 1164 179)

296 1193 352 1256 καὶ
374 1189 449 1277 ἑξῆς
472 1187 604 1275 έπάγει·

382 1289 531 1376 νώμησεν
554 1283 585 1354 δ’
612 1285 677 1376 άρα
699 1294 804 1357 πᾶσιν
827 1288 1054 1375 ἐπαρξάμενος
1077 1289 1257 1356 δεπάεσσιν
1278 1293 1312 1376 (η
1332 1293 1437 1366 183).

246 1405 274 1454 1⁰
383 1390 449 1456 είσί
472 1390 508 1456 δὲ
528 1393 585 1468 καὶ
604 1405 676 1469 τοῖς
705 1385 854 1476 άρίστοις
881 1389 965 1456 κατὰ
987 1389 1107 1458 δεῖπνα
1135 1397 1239 1474 τιμαί.
1283 1389 1466 1475 Τυδείδης

297 1496 374 1579 γοῦν
385 1497 430 1571 (Θ
444 1498 515 1571 162)
530 1494 586 1558 καί
599 1497 714 1579 κρέασι
728 1494 783 1558 καὶ
795 1493 927 1568 πλείοις
943 1490 1105 1557 δεπάεσσι
1120 1494 1267 1575 τιμᾶται,
1282 1494 1344 1558 καὶ
1354 1491 1465 1568 Α’ίας
1498 1557 1499 1564 ,

299 1599 349 1674 (Η
362 1597 434 1673 321)
463 1592 599 1662 νώτοισι
630 1593 831 1681 διηνεκέεσσι
857 1598 1061 1678 γεραίρεται,
1090 1595 1146 1658 καί
1169 1593 1202 1659 οἱ
1223 1595 1388 1677 βασιλεῖς
1426 1594 1464 1657 δὲ

296 1709 368 1772 τοῖς
396 1689 523 1771 αὐτοῖς·
549 1691 651 1761 ενιῦτα
678 1694 773 1778 βοός,
801 1693 843 1760 τά
866 1693 908 1776 ῥά
937 1694 969 1758 οἱ
992 1692 1171 1778 πάρθεσαν
1199 1687 1304 1779 αὗτῷ’
1332 1695 1372 1774 (δ
1390 1701 1462 1773 65).

296 1799 351 1862 καὶ
370 1791 534 1879 Ιδομενέα
557 1796 592 1861 δὲ
613 1790 826 1916 Ἀγαμέμνων
849 1798 955 1882 πλείῳ
978 1795 1066 1884 δέπᾳ
1092 1798 1174 1883 τιμᾷ
1204 1799 1248 1876 (Δ
1263 1797 1355 1873 262).
1401 1800 1462 1861 καὶ

247 1910 275 1960 15
297 1895 485 1983 Σαρπηδών
514 1896 549 1962 δὲ
571 1895 665 1983 παρὰ
687 1903 831 1974 Λυκίοις
858 1910 929 1974 τοῖς
959 1890 1071 1974 αὐτοῖς
1099 1900 1252 1980 τιμᾶται,
1281 1898 1340 1961 καὶ
1374 1896 1500 1984 ἕδρη

296 2001 352 2064 καὶ
373 2001 507 2082 κρέασιν
530 2003 586 2098 (Μ
599 1999 682 2076 310).

380 2097 420 2184 ῆν
443 2098 480 2164 δέ
501 2123 552 2175 τις
575 2092 703 2176 αὐτοῖς·
708 2100 763 2164 καὶ
787 2096 843 2163 διὰ
864 2101 923 2184 τῆς
949 2099 1152 2185 προπόσεως
1180 2092 1381 2182 ἀσπασμός.
1427 2101 1461 2166 οἱ

296 2204 373 2286 γοῦν
394 2202 473 2266 θεοί
499 2195 661 2286 εχρυσέοις
683 2199 846 2266 δεπάεσσι
870 2193 1031 2282 δειδέχατ’
1058 2193 1231 2288 ἀλλήλους’
1258 2205 1302 2280 (Δ
1320 2207 1335 2264 1
1351 2211 1460 2287 εφη),

296 2297 372 2391 ῆτοι
394 2300 577 2379 ἐδεξιοῦντο
593 2293 814 2389 προπίνοντες
837 2300 966 2379 ἑαυτοῖς
987 2314 1062 2379 ταῖς
1085 2302 1217 2380 δεξιαῖς.
1254 2307 1312 2367 καί
1332 2327 1395 2380 τις
1423 2304 1461 2369 δὲ
1500 2337 1501 2356 2

247 2499 275 2550 20
385 2493 424 2552 10
436 2508 504 2570 sqq.
530 2488 668 2554 Athen.
684 2490 713 2554 V
730 2487 808 2552 192f
829 2487 862 2552 οἱ
877 2487 913 2552 δὲ
927 2491 1084 2574 κρατῆρες
1101 2481 1221 2566 αὐτοῖς,
1244 2479 1363 2573 ὥσπερ
1385 2489 1458 2572 ἔχει

296 2590 352 2653 καὶ
374 2582 528 2670 τοῆνομα,
551 2591 744 2672 κεκραμένοι
766 2587 1025 2708 παρεστήκεσαν,
1049 2587 1085 2666 ἐξ
1105 2583 1151 2654 ὦν
1174 2588 1207 2654 οἱ
1228 2591 1343 2674 κοῦροι
1370 2590 1457 2656 δια-

296 2687 489 2771 κονοάμενοι
521 2702 592 2764 τοῖς
624 2687 727 2771 μέν’
713 2687 940 2771 ἐντιμοτάτοις
972 2681 1024 2753 άεί
1057 2690 1180 2776 πλῆρες
1213 2702 1379 2775 παρεῖχον
1414 2691 1454 2758 τδ

297 2788 467 2877 ποτήριον,
490 2783 610 2865 τοῑςδ’
627 2784 740 2866 άλλοις
763 2788 835 2867 ἐξ”
821 2812 894 2856 ισου
910 2791 1069 2873 διένεμον.
1103 2783 1455 2927 δγοῦνᾌγαμέμνων

297 2889 383 2978 πρὸς
404 2888 463 2957 τὸν
481 2883 646 2974 Ιδομενέα
669 2898 769 2979 φησί·

246 3006 274 3055 23
694 2991 752 3060 σὸν
776 2993 811 3059 δὲ
833 2996 949 3060 πλεῖον
972 2994 1077 3070 δέπας
1100 2991 1166 3058 αἰεὶ

382 3085 490 3182 ε’στηχ
509 3085 624 3179 ὥσπερ
648 3092 731 3177 ἐμοί,
753 3089 903 3162 mestv⁰
885 3120 940 3162 οτε
961 3091 1072 3177 θυμὸς
1095 3087 1217 3178 άνιάγοι
1239 3096 1283 3173 (Δ
1298 3099 1360 3161 262
1370 3102 1454 3183 sq.).

296 3198 480 3282 προέπινον
496 3187 529 3260 δ’
548 3188 759 3280 ἀλληλοις
724 3220 781 3277 ουχ
795 3189 909 3283 ὥσπερ
924 3193 1018 3284 ἡμεῖς
1041 3197 1149 3275 (τοῦτο
1164 3193 1226 3280 γάρ
1243 3213 1452 3280 προεκπιεῖν

296 3294 408 3376 ἐστιν),
432 3287 516 3358 άλλά
538 3293 660 3376 μεστὸν
682 3293 739 3360 τὸν
763 3296 904 3384 σκύφον·

381 3394 592 3482 πλησάμενος
615 3388 646 3459 δ’
669 3395 774 3462 ο’ίνοιο
797 3396 903 3474 δέπας
925 3388 1063 3460 δείδεκτ’
1082 3388 1217 3481 Ἀχιλῆα
1238 3399 1271 3476 (Ι
1283 3403 1370 3476 224).

245 3511 274 3560 ει
384 3505 498 3582 17sqq.
532 3499 634 3563 Plut.
658 3499 783 3565 eonviv.
806 3505 886 3582 sept.
908 3500 1042 3583 rapient
1065 3501 1123 3563 l..l
1147 3490 1201 3584 ἆρ’
1222 3495 1310 3565 οὐν.
1353 3507 1447 3570 ,καὶ

296 3611 368 3674 τοῖς
388 3593 523 3674 seozg‘
506 3623 523 3664 ο
541 3596 625 3675 Ζεδς
647 3590 739 3683 ὅπερ
757 3611 829 3675 τοῖς
845 3592 1066 3683 άριστεῦσινδ
1089 3592 1297 3683 Ἀγαμέμνων
1318 3627 1447 3692 μετρη-

295 3697 354 3764 τὸν
370 3695 520 3780 ἐνέχει
484 3725 522 3764 το
540 3698 654 3779 ποτόν,
678 3691 733 3764 ὅτε
755 3698 942 3786 προύπινον
957 3693 1149 3786 άλλῆλοις“
1134 3699 1330 3784 εστιώμενοι
1354 3699 1442 3792 παρ’

298 3823 405 3884 “Wi’s'

381 3949 529 4002 Avcrosss
558 3955 655 4020 losqq.
680 3951 910 4006 Aristarchus
928 3951 964 4006 sd
981 3955 1076 4008 Δ262.

383 4037 478 4101 19sqq.
504 4034 733 4089 Aristarchus
751 4037 796 4101 (ηε
815 4036 899 4091 schol.
912 4037 1015 4092 Ven.B
1034 4038 1068 4090 ad
1085 4042 1146 4094 Δ4.
