3008 4734
208 303 250 357 De
265 303 435 360 Dioscuridis
453 309 518 377 περὶ
535 309 594 362 τῶν
612 287 680 376 παρ’
694 298 802 380 Ὁμήρῳ
820 301 918 372 νόμον
934 305 1034 360 libello.
1136 305 1195 364 126

59 475 254 556 conquirere,
292 475 449 558 quidquid
481 476 635 543 debeatur
662 477 857 544 Aristarcho.
907 478 1021 542 Mirum
1052 478 1137 542 enim
1165 478 1198 542 in

59 574 181 640 modum
197 576 357 642 interdum
371 576 414 642 ad
429 578 564 644 verbum
578 577 763 643 Athenaeus
779 598 851 644 oum
864 578 1037 644 Aristonici
1056 579 1198 645 frustulis

60 677 207 758 concinit,
237 683 515 761 quantumcunque
543 685 676 761 uterque
699 679 945 761 epitomatornm
967 680 1062 764 culpa
1084 698 1197 763 passus

60 783 112 843 est.
156 777 226 855 Qua
253 784 361 844 autem
389 780 514 844 ratione
536 781 734 846 Aristonicus
763 782 864 863 ipsius
892 780 1070 846 Aristarchi
1099 782 1199 846 verba

60 879 239 962 reddiderit,
261 900 324 946 non
347 900 419 946 raro
442 887 511 946 arto
533 882 615 947 inter
636 881 811 964 Didymum
834 887 866 948 et
887 882 1102 947 Aristonicum
1124 901 1198 947 con-

60 1001 148 1046 sensu
168 987 266 1064 patet,
290 1000 354 1062 qua
376 981 417 1047 de
439 1001 474 1047 re
496 983 585 1065 legas
607 984 704 1048 velim
722 981 902 1048 Ludwicbii
924 983 997 1048 libri
1012 981 1197 1044 Am‘rtorobs

62 1080 184 1145 Homer.
212 1080 392 1144 Tcmtbriiilr
414 1083 430 1147 I
451 1103 482 1166 p.
499 1087 549 1148 52.
982 1107 984 1112 ·

139 1182 343 1270 Aristarobea
364 1203 441 1250 sane
465 1184 646 1251 observatio
669 1190 718 1250 est
730 1189 751 1261 ¹)
779 1186 939 1268 virginum
964 1185 1063 1250 fuisse
1085 1185 1196 1251 lavare

60 1282 211 1368 hospites,
242 1305 338 1366 quam
361 1290 394 1350 et
414 1285 612 1352 Aristonicus
641 1291 774 1351 testatur
801 1286 845 1352 ad
873 1287 1018 1368 pddtbr
1047 1276 1101 1350 ὅτι
1127 1279 1194 1350 ὑπὸ

61 1387 234 1468 παρθένων
258 1383 340 1459 ἔθος
359 1369 399 1470 ἦν
420 1382 499 1460 τούς
519 1376 631 1471 ἥρωας
659 1383 823 1450 λούεσθαι
844 1386 911 1449 κτλ.
935 1393 967 1452 et
988 1387 1195 1470 Porphyrius,

61 1487 108 1551 cui
128 1488 195 1552 iure
216 1487 455 1571 adsignaveris,
486 1507 568 1569 qnae
590 1487 631 1552 ad
654 1489 751 1570 7464
774 1487 844 1553 cod.
860 1487 975 1552 Hamb.
996 1494 1026 1550 T
1046 1490 1195 1571 praebet:

62 1580 104 1660 ὡς
121 1579 334 1672 Ἀρίσταρχος
361 1586 479 1652 οἴεται.
524 1587 723 1671 Quamquam
744 1587 820 1653 huic
841 1588 903 1672 ipsi
932 1590 980 1653 rei
1001 1608 1041 1655 ne
1063 1590 1195 1654 nimium

61 1689 182 1756 tribuas.
215 1690 299 1756 Nam
314 1709 355 1755 ne
370 1709 490 1756 meram
506 1690 635 1772 quidem
651 1689 835 1755 Athenaeus
853 1690 1005 1772 exprimit
1018 1689 1197 1756 Aristarchi

62 1792 255 1873 opinionem:
286 1801 380 1854 ποιεῖ
410 1788 445 1853 δὲ
464 1780 613 1875 Ὅμηρος
638 1787 699 1866 τὰς
726 1787 826 1874 κόρας
850 1783 919 1853 (καὶ
941 1785 1002 1865 τὰς
1026 1781 1193 1873 γυναῖκας’

63 1889 216 1966 λουούσας
236 1888 315 1966 τοὺς
338 1888 456 1969 ξένους,
480 1893 600 1977 quippe
623 1913 717 1976 quem
735 1893 813 1959 solis
828 1891 1004 1974 virginibus
1027 1891 1061 1956 id
1083 1911 1196 1958 munus

61 1993 202 2060 tribuisse
225 1993 353 2059 disertis
375 1995 483 2076 verbis
505 1994 656 2059 traditum
678 1997 720 2060 sit
729 1997 762 2070 ³).
853 2019 857 2026 ·

140 2095 242 2178 Magis
257 2093 375 2160 idonea
389 2115 555 2177 quaecum
570 2096 649 2178 ipsis
659 2095 832 2161 Aristonici
842 2095 950 2160 verbis
965 2099 1195 2178 comparentur,

62 2193 137 2261 haec
150 2195 309 2262 Athenaei
331 2202 404 2262 sunt
425 2197 478 2260 l.I
498 2191 607 2279 p.11¹’,
630 2195 714 2261 unde
737 2196 892 2277 incipiunt
914 2195 1021 2277 capita
1042 2195 1099 2260 illa
1122 2213 1195 2264 con·

61 2296 143 2362 tinuo
165 2296 278 2364 ordine
298 2295 523 2364 Aristarcheae
546 2293 723 2378 sapientiae
745 2297 855 2379 piena:

142 2445 307 2512 liAthen.1
325 2461 348 2500 o.
360 2449 391 2499 18
408 2446 525 2510 ineunte,
544 2444 579 2498 cf.
597 2443 699 2498 Brunlr.
717 2461 745 2513 p.
760 2448 801 2499 29.

140 2534 164 2596 2)
182 2529 223 2583 Oi.
243 2529 325 2584 etiam
341 2529 524 2585 Aristonicum
541 2528 577 2582 ad
593 2516 680 2585 Esus
699 2535 727 2582 et
744 2533 819 2583 λ601
844 2533 872 2583 et
895 2527 1000 2583 scholia
1021 2528 1057 2582 ad
1074 2531 1151 2584 δ252
1169 2533 1197 2582 et

62 2612 158 2669 Ven.B
175 2615 211 2670 ad
227 2618 255 2670 Ε
266 2617 324 2678 222,
342 2613 441 2683 quippe
458 2629 528 2682 quae
544 2613 695 2668 Aristarchi
711 2613 839 2667 indicium
855 2612 978 2668 reddant.

141 2704 165 2766 3)
181 2699 315 2752 Adhibuit
331 2699 420 2767 ipsum
437 2699 502 2752 iilud
519 2703 706 2766 argumentum
724 2697 899 2752 Aristarchus
917 2697 952 2751 ad
969 2697 1102 2752 athetasin
1125 2713 1197 2753 oom-

62 2784 222 2850 probandam
240 2798 365 2837 versuum
386 2783 433 2852 qui
454 2786 518 2837 sunt
539 2783 567 2836 in
584 2783 686 2851 Necyia
710 2786 785 2836 λ601
794 2798 852 2852 sqq.
870 2783 904 2836 de
920 2781 1045 2836 Herculis
1063 2785 1091 2836 et
1108 2782 1196 2836 Hebes

63 2868 184 2922 conubio:
212 2867 247 2922 ci.
270 2867 366 2922 Lehrs.
392 2867 425 2920 de
447 2867 599 2920 Aristarchi
628 2865 699 2920 stud.
722 2865 845 2920 Ηοιιιοτ.2
865 2882 892 2934 p.
905 2869 953 2920 185
976 2881 998 2919 s.
1013 2882 1038 2920 v.
1057 2865 1195 2920 Hercules.

62 2951 241 3021 Impugnatam
258 2955 349 3006 autem
365 2965 425 3005 csse
442 2965 460 3003 a
477 2949 612 3004 veteribus
629 2949 820 3018 interpretibus
842 2950 913 3004 hunc
930 2949 1131 3002 Aristarcheam
1148 2949 1194 3003 ob-

64 3036 234 3091 servationem
251 3051 285 3090 ex
296 3035 437 3104 Porphyrii
454 3034 613 3103 quaestione
631 3033 758 3087 discimus
776 3033 811 3087 ad
827 3036 842 3101 ζ
856 3037 902 3086 221
918 3038 1034 3099 serrata,
1052 3031 1197 3100 dequibus

62 3119 123 3187 ipris
145 3121 268 3176 versibus
290 3136 346 3176 non
369 3119 554 3188 imprudenter
575 3131 661 3186 nuper
684 3116 810 3172 disseruit
827 3116 948 3170 Marxius
970 3116 999 3170 in
1021 3116 1092 3170 Mus.
1111 3115 1199 3170 Rhen.

63 3206 108 3260 voi.
119 3206 196 3260 XLII
212 3222 240 3274 p.
251 3209 309 3259 254.
345 3204 399 3260 Ubi
416 3204 502 3258 altero
526 3202 587 3256 loeo
605 3201 673 3255 haec
696 3200 833 3270 profertur
855 3201 967 3256 solutio:
996 3197 1069 3272 τάχα
1088 3192 1115 3256 δ’
1136 3192 1199 3257 οὐδ’

66 3279 132 3358 ὅλως
143 3289 285 3364 παρθένοι
298 3281 420 3346 λούουσι.
440 3286 551 3359 λέγεται
563 3280 620 3360 γὰρ
634 3279 699 3342 ίτὸν
711 3278 737 3340 δ’
750 3283 812 3342 ἐπεὶ
826 3277 876 3344 ου”ν
888 3290 977 3355 ὁμοῖαι
990 3277 1104 3342 λοῦσαν
1115 3288 1141 3350 (d
1149 3289 1200 3350 49),

65 3367 121 3430 ἄλλ’
134 3371 195 3448 οὐχὶ
212 3377 324 3446 κοῦραι,
348 3376 396 3430 καὶ
414 3375 480 3444 περὶ
496 3375 545 3442 τῆς
555 3359 646 3443 ίἭβης
663 3365 719 3442 γὰρ
732 3365 950 3445 ἀμφισβητεῖται
963 3370 990 3427 εἰ
1000 3369 1145 3438 παρθένος
1156 3359 1199 3440 ἢν.

64 3463 105 3515 καὶ
121 3454 136 3532 ἦ
150 3455 245 3530 Ἑλένη
263 3453 368 3515 λούοιτ’
381 3453 418 3516 υλν
428 3451 558 3514 Ὀδυσσέα
577 3458 603 3521 (δ
614 3459 681 3521 252),
700 3473 753 3524 quo
771 3457 795 3510 ei
813 3457 858 3525 qui
870 3455 1011 3524 Porphyrii
1030 3454 1200 3522 quaestiones

64 3546 94 3598 ud
110 3545 255 3616 Odysseam
276 3544 441 3611 pertinentes
464 3540 665 3598 constituendas
689 3542 853 3608 susceperit,
878 3539 1101 3594 referenda'esse
1124 3543 1200 3606 puto,

64 3625 176 3696 quae'ad
193 3633 275 3701 7464
292 3628 351 3683 cod.
368 3633 392 3684 Τ
413 3627 595 3684 conservavit:
623 3618 765 3682 ἀδύνατον
781 3620 837 3697 γὰρ
859 3627 901 3700 τῷ
919 3621 1042 3694 Νέστορι
1062 3660 1110 3676 ...
1130 3640 1201 3694 παρ·

63 3714 146 3770 θένσν
169 3709 240 3771 εἶναι
263 3713 417 3786 θυγατέρα.
448 3707 542 3768 λύεται
567 3708 596 3765 δ’
613 3707 646 3766 ἐκ
664 3714 716 3766 τοῦ
733 3706 825 3774 ἔθους.
855 3704 964 3778 ἔφαμεν
986 3701 1043 3780 γὰρ
1065 3705 1103 3778 μὴ
1128 3703 1200 3764 εἶναι

63 3799 205 3870 παρθένου
222 3793 308 3870 ἔργον
321 3791 356 3852 τὸ
369 3793 463 3854 λούειν
475 3789 514 3860 ὡς
527 3787 707 3864 Ἀρίσταρχος
725 3790 823 3850 οἴεται.
852 3791 969 3845 Tertiam
982 3791 1115 3860 quandam
1129 3792 1200 3846 solu·

63 3882 165 3949 tionem,
183 3897 237 3952 qua
254 3881 392 3936 causativa
410 3895 489 3949 quam
506 3878 674 3947 grammatici
690 3883 788 3932 vocant
805 3875 1000 3944 significatione
1018 3870 1134 3932 ἔλουσεν
1151 3891 1200 3944 po-

64 3967 139 4020 situm
150 3967 285 4032 statuitur,
302 3964 415 4033 praebet
432 3963 553 4018 scholion
571 3961 607 4015 ad
624 3965 639 4030 ζ
653 3965 712 4026 215,
729 3976 845 4029 quocum
861 3959 979 4014 concinit
995 3975 1029 4014 ex
1047 3960 1148 4014 scholio
1166 3957 1201 4011 ad

64 4055 151 4120 yses:
170 4055 305 4120 λουθῆναι
323 4041 413 4106 αὐτὸν
429 4046 577 4119 ἐποίησεν·
598 4040 631 4104 ου
648 4041 705 4118 γὰρ
722 4038 791 4116 αὐτὴ
810 4040 935 4101 ἔλουσεν.

1333 4221 1488 4434 ρ
