3018 4736
238 241 280 296 De
297 241 463 304 Dioscuridis
481 245 546 314 περὶ
563 245 622 298 τῶν
639 235 706 314 παρ’
720 231 829 316 Ὁμήρῳ
846 237 944 310 νόμον
961 240 1060 296 libello.
1160 240 1217 298 135

92 422 123 481 ut
148 415 199 480 vix
223 415 409 482 Aristarcho
437 415 505 482 iure
527 413 728 500 detrahatur,
757 414 876 482 nedum
897 413 1089 492 Dioscuridi.
1133 415 1218 482 Num

92 523 204 600 auhmf
219 515 254 582 id
275 518 360 601 quod
376 517 555 584 Meinehins
577 518 637 593 (III
650 538 682 601 p.
697 519 768 596 144)
791 523 823 582 et
844 518 988 585 Keckius
1011 518 1081 592 1111
1100 538 1130 601 p.
1147 519 1219 593 124)

92 619 264 701 voluerunt,
294 620 394 684 verba
420 613 541 701 ςζωμὸν
564 617 600 682 δὲ
623 610 679 683 οὗκ
702 615 811 683 innisa
830 613 979 704 Ὅμηρος
1006 616 1101 684 θύων
1122 610 1214 701 βοῦς’

92 719 128 784 ad
146 719 358 804 Antiphonem
380 721 548 788 referenda
570 727 602 787 et
624 721 769 787 versibus
791 721 854 787 sint
874 721 1078 806 includenda,
1101 723 1217 788 collato

93 820 200 886 scholio
228 823 333 889 minus
355 823 481 890 videtur
509 823 685 907 probabile.
730 822 796 890 Sed
825 821 865 888 de
889 822 1093 889 Aristarchea
1122 824 1217 890 totius

92 921 193 989 scholii
214 925 338 1007 origine
359 945 441 992 nunc
456 927 512 991 vix
528 925 698 1007 dubitabis,
721 930 817 990 utne
840 923 901 991 hoc
923 923 1052 1007 quidem
1068 945 1109 991 ex
1124 925 1217 990 Dios-

93 1024 197 1090 curidis
223 1044 321 1110 opere
349 1026 382 1092 in
409 1026 531 1092 scholia
552 1027 723 1092 Homerica
750 1026 913 1092 transiisse
935 1027 1077 1092 Brunkio
1105 1028 1149 1109 tp.
1166 1027 1217 1104 22)

93 1117 253 1211 credemus,
276 1127 311 1193 id
327 1126 413 1210 quod
428 1129 554 1194 omnino
569 1147 723 1210 nusquam
739 1127 857 1193 factum
872 1147 942 1194 esse
964 1128 997 1192 in
1014 1127 1217 1212 proficiendis

91 1224 132 1292 his
152 1230 387 1310 quaestionibus
409 1231 554 1296 elucebit.

163 1327 251 1406 Quae
274 1329 325 1398 his
347 1332 465 1397 similia
487 1337 575 1414 sunt,
599 1329 661 1396 huc
682 1331 833 1413 colligere
855 1331 952 1396 lubet.
997 1329 1102 1398 Oloris
1126 1352 1216 1398 esum

92 1431 205 1498 neusse
220 1433 351 1515 quidem
366 1433 540 1500 Homerum
554 1451 658 1515 neque
673 1437 778 1497 tamen
793 1433 826 1496 in
841 1432 1031 1498 carminibus
1052 1433 1217 1500 induxisse

93 1530 227 1600 discimus
248 1555 280 1618 p.
298 1533 377 1598 24⁰f
390 1541 422 1601 et
440 1557 471 1620 p.
484 1531 546 1599 25(1
561 1535 608 1607 (fr.
624 1537 662 1598 13
677 1554 708 1617 p.
722 1537 772 1618 97,
790 1536 839 1598 23.
854 1535 895 1595 24
911 1538 943 1598 et
960 1553 992 1618 p.
1005 1535 1057 1615 98,
1069 1535 1215 1612 20-23).

92 1632 252 1702 1111111111
282 1656 352 1704 esse
375 1636 457 1703 hanc
479 1637 734 1702 observationem
755 1635 874 1700 ultimis
902 1633 952 1700 his
976 1634 1146 1702 Aristonici
1174 1637 1217 1702 ad

93 1737 124 1796 Π
134 1739 189 1799 747
206 1737 314 1804 verbis
337 1737 574 1822 comprobatur:
595 1737 650 1802 καὶ
666 1733 730 1824 μὴν
746 1728 821 1802 οὐδὲ
844 1733 997 1816 λαχάνοις
1020 1735 1217 1821 παρεισάγει

89 1840 271 1920 χρωμένους.
310 1830 385 1904 ἀλλ’
411 1835 501 1921 ὅμως
523 1843 622 1926 φησί·
898 1853 903 1866 “

173 1937 278 2022 δμῶες
297 1932 477 2026 Ὀδυσσῆος
499 1945 633 2023 τέμενος
654 1943 738 2026 μέγα
759 1938 982 2026 κοπρήσοντες
1003 1946 1033 2026 (Q
1049 1944 1131 2021 299).

91 2040 200 2109 Deinde
222 2042 303 2108 nihil
331 2045 519 2128 apposuisse
542 2044 715 2110 Homerum
737 2042 888 2110 heroibus
909 2045 972 2110 nisi
994 2063 1083 2109 assas
1105 2064 1215 2111 carnes

90 2142 204 2228 largiter
227 2147 398 2232 exponitur
420 2167 452 2230 p.
468 2148 506 2209 9Β
528 2145 608 2220 (11.1
633 2165 664 2229 p.
680 2146 860 2227 90,1-17)
891 2152 922 2210 et
949 2144 1092 2222 ¹firmatur
1112 2166 1143 2228 p.
1159 2141 1216 2208 12¹²

93 2245 198 2325 11133).
236 2248 303 2314 Sed
325 2255 488 2314 tamenne
504 2247 606 2312 elixas
623 2245 878 2330 quidemcarnes
901 2246 948 2310 illi
970 2247 1095 2328 ignotas
1117 2247 1216 2313 fuisse

91 2352 223 2434 exemplo
253 2371 284 2415 v.
310 2355 341 2412 d>
358 2352 418 2415 362
447 2348 680 2415 demonstratur
706 2345 816 2432 1125(1
845 2347 893 2428 (fr.
913 2351 947 2410 11
972 2367 1004 2431 p.
1020 2351 1072 2432 95,
1088 2351 1213 2427 9-18).

89 2449 273 2518 Aristonicus
302 2457 409 2517 autem
437 2451 479 2517 ad
504 2449 612 2516 11362
643 2449 722 2516 haec
749 2449 861 2516 habet:
895 2443 947 2514 ὅτι
977 2442 1066 2514 οἶδεν
1094 2446 1215 2542 dippum

88 2555 186 2634 κρεῶν,
206 2555 395 2637 χρωμένους
418 2551 454 2616 δὲ
475 2549 552 2628 τοὺς
574 2548 684 2636 ἥρωας
707 2545 744 2616 οὗ
766 2548 972 2636 παρεισάγει.

161 2653 286 2720 Similia
308 2659 485 2719 statuuntur
507 2655 548 2720 de
570 2653 702 2721 heroum
725 2673 927 2738 coronarum,
950 2652 991 2720 de
1013 2653 1161 2737 myrrhae
1185 2661 1216 2720 et

89 2755 245 2821 suffimenti
268 2776 327 2822 usu
349 2776 379 2839 p.
397 2757 445 2838 9⁰,
464 2752 531 2838 17¹³,
550 2753 627 2818 18⁰f
647 2757 696 2833 (11.
714 2760 732 2819 4
749 2760 780 2820 et
797 2755 857 2832 14).
892 2756 941 2821 De
958 2756 1088 2834 ¹coronis
1110 2763 1216 2822 autem

89 2854 246 2924 Aristonici
269 2856 350 2922 haec
369 2862 441 2922 sunt
462 2856 504 2921 ad
520 2862 555 2920 N
568 2860 646 2922 736:
668 2850 808 2942 ἡόιττλῆ
824 2852 877 2921 ὅτι
893 2858 1059 2940 στέφανον
1073 2849 1215 2941 ἡρωικὸν

89 3052 153 3127 οἴομ’
170 3057 316 3116 τουτέστιν
334 3058 456 3126 τιμῶμαι
478 3045 566 3111 αὐτὸν
582 3052 614 3110 ἐν
631 3044 649 3125 ᾗ
665 3055 754 3130 μοίρᾳ
778 3051 806 3108 αἱ
827 3063 957 3125 γυναῖκες
978 3050 1031 3110 τόν
1047 3053 1215 3126 ἐγκέφαλον,

91 3157 149 3208 quae
165 3159 198 3196 ex
215 3145 309 3197 eadem
328 3143 469 3196 contextus
487 3139 640 3208 corruptela
657 3141 784 3194 restituta
801 3154 860 3193 esse
876 3138 957 3193 facilc
975 3140 1101 3194 conicias.
1134 3140 1215 3207 Apud

89 3224 251 3281 Plutarchum
262 3227 342 3294 igitur
353 3225 433 3278 huius
446 3223 587 3278 solutionis
604 3240 678 3279 mera
695 3225 781 3280 forma
798 3230 903 3278 servata
914 3231 963 3289 est,
981 3240 1061 3294 quam
1078 3225 1129 3279 hac
1147 3242 1214 3294 quo-

89 3325 131 3376 que
147 3319 221 3379 parte
239 3317 267 3364 et
282 3309 428 3364 Plutarcho
446 3316 473 3363 et
484 3309 634 3378 Porphyris
652 3325 817 3365 communem
834 3308 936 3364 iontem
953 3309 1139 3378 suppeditasse
1156 3311 1214 3366 iure

91 3395 183 3463 cedes,
207 3410 305 3463 corpus
323 3393 390 3448 illud
406 3395 643 3464 peripateticorum
660 3394 864 3450 Homericarum
881 3395 1044 3449 solutionum
1061 3410 1144 3464 supra
1161 3395 1214 3450 iam

36 3497 38 3504 ·
89 3482 230 3543 11121132
248 3484 422 3532 memoratum
440 3480 486 3544 tei.
503 3479 615 3534 Schrad.
628 3481 645 3533 1.
655 3481 672 3535 l.
686 3497 712 3550 p.
723 3485 792 3546 426).
818 3480 886 3536 Utut
903 3481 992 3533 autern
1009 3480 1077 3534 haec
1094 3484 1165 3548 sunt,
1183 3485 1215 3536 ut

90 3562 236 3632 Antiphanis
253 3562 341 3618 verbis
366 3578 443 3616 suum
460 3578 573 3618 acumen
591 3564 729 3630 reddatur,
754 3565 833 3620 huius
852 3565 992 3620 solutionis
1010 3568 1136 3633 putamus
1153 3565 1213 3620 irri-

90 3644 136 3702 deri
150 3649 318 3718 interpretes,
336 3647 382 3714 qui
400 3651 529 3716 quantum
546 3648 701 3703 sudaverint
717 3649 745 3702 in
762 3649 813 3704 hoc
831 3647 990 3719 explicando
1002 3663 1089 3716 versu,
1106 3650 1214 3704 nomina

90 3730 174 3788 docent
195 3732 268 3803 apud
285 3731 469 3802 Porphyrium.
504 3733 593 3788 Verba
611 3738 701 3788 autem
719 3726 781 3790 οὐδ’
799 3725 888 3807 ἧψεν
904 3734 974 3808 κρέα
994 3775 1042 3790 ...
1061 3730 1161 3792 ὤπτα
1184 3735 1214 3792 δὲ

90 3819 129 3871 καὶ
143 3815 191 3884 τὰς
213 3818 335 3882 κοιλίας,
358 3818 521 3886 quambene
544 3824 658 3887 possunt
681 3817 814 3887 pertinere
837 3818 871 3871 ad
888 3818 1019 3886 Platonis,
1042 3821 1088 3890 qui
1111 3821 1212 3876 comico

35 3969 38 3979 ¹
91 3903 195 3969 aequalis
211 3902 269 3968 11111,
288 3903 321 3956 de
333 3917 361 3956 re
373 3902 447 3970 publ.
460 3901 499 3954 III
517 3919 544 3972 p.
554 3904 639 3957 4114Μ
657 3903 736 3956 haec:
758 3892 802 3958 ὅτι
813 3893 937 3976 Ὅμηρος
948 3899 1015 3970 τοὺς
1027 3895 1122 3975 ἥρωας
1134 3903 1212 3984 ἑστιᾷ

93 3981 218 4044 ..fodra
237 3984 368 4058 ἑφθοῖς
383 3986 508 4061 κρέασιν,
526 3980 597 4046 ἀλλὰ
614 3983 707 4058 μόνον
725 3979 863 4053 ὀπτοῖς’
880 3988 961 4045 act?
