3018 4736
290 292 349 350 142
731 291 868 348 Robertns
886 291 986 348 Weber

288 467 348 533 leri
363 464 584 532 Antisthenica
604 487 636 551 p.
649 467 711 543 23).
748 466 819 533 Huc
834 467 1001 550 pertinent,
1025 467 1140 550 quibus
1155 467 1279 549 Ulixes,
1302 471 1338 530 ut
1359 485 1454 531 eum

289 567 470 652 Chrysippo
500 567 587 653 apud
609 568 776 633 Horatium
804 569 984 653 loquamur,
1013 575 1163 652 tanquam
1185 588 1262 634 vere
1288 559 1453 650 ‘sapiens

289 671 396 755 operis
407 671 453 736 sic
465 671 603 754 optimus
615 671 717 736 omnis
729 671 771 736 sit
782 663 911 754 opifex’.
935 669 1014 736 Sunt
1026 671 1139 736 Dionis
1150 669 1231 737 haec
1242 690 1273 754 p.
1285 671 1454 734 378an

290 767 405 852 σχεδδν
435 769 470 834 δὲ
490 771 553 835 καί
574 761 724 858 (Όμηρος
741 763 902 836 Ὀδυσσέα
930 777 1112 858 πεποίηκεν
1136 763 1173 836 οδ
1195 769 1298 852 μόνον
1319 767 1452 855 γνώμῃ

291 872 493 960 διαφέροντα
516 923 524 937 .
547 923 554 937 .
578 923 586 938 .
610 865 693 936 άλλά
715 873 768 937 καί
799 871 1045 939 τῶντοιούτων
1073 868 1231 939 ἁπάντων
1261 869 1452 958 ἔμπειρον,

289 977 474 1060 τεκτονικῆς
500 975 556 1038 καὶ
585 972 776 1056 οἰκοδομίας
803 976 857 1040 καί
885 977 1096 1064 ναυπηγικῆς.
1137 977 1211 1051 πῶς
1238 971 1301 1058 γὰρ
1331 962 1371 1040 δίν
1396 971 1448 1036 τὸ

290 1078 383 1158 λέχος
405 1075 562 1162 ἐποίησεν
585 1067 764 1168 ἀποκόψας
786 1073 844 1142 τὸν
866 1078 925 1162 τῆς
948 1074 1047 1155 ἐλάας
1068 1075 1206 1157 θαλλόν,
1238 1073 1269 1141 εἰ
1291 1072 1335 1160 μῆ
1359 1099 1451 1139 τεκ-

289 1181 419 1265 τονικῆς
442 1175 634 1263 ἐπιστήμων
649 1163 707 1264 ῆν,·
735 1178 826 1258 Quae
840 1181 1000 1264 pertinent
1016 1181 1192 1247 adlectum
1208 1179 1368 1263 genialem
1392 1179 1450 1243 ab

289 1283 360 1366 ipso
375 1281 472 1347 Ulixe
487 1280 690 1346 aedificatum
713 1284 754 1364 (ιγ
771 1283 828 1346 181
839 1286 929 1365 sqq.).
963 1283 1037 1356 πῶς
1059 1273 1090 1343 δ’
1111 1269 1150 1347 δν
1174 1281 1353 1367 περιέβαλε
1376 1276 1449 1344 τὸν

290 1379 455 1463 θάλαμον,
479 1379 509 1445 εἰ
530 1377 574 1465 μῆ
597 1382 652 1446 καὶ
669 1379 886 1468 οἰκοδομῆσαι
900 1379 1067 1468 ἠπίστατο
1083 1385 1123 1466 (ψ
1139 1386 1335 1467 len-194),
1360 1384 1448 1458 πῶς

291 1475 324 1546 δ’
357 1471 396 1548 δν
426 1481 602 1569 εἰργάσατο
634 1481 694 1570 τῆν
726 1483 857 1566 σχεδίαν
887 1477 944 1549 οδκ
977 1473 1022 1549 (Ur
1046 1483 1214 1578 'Uaccaeos
1246 1488 1448 1572 ναυπηγίας

290 1587 318 1665 (ε
333 1588 507 1670 234sqq.),·
540 1585 733 1664 Quibuscum
749 1587 876 1653 Aeliani
898 1589 1042 1655 conferas
1065 1610 1094 1654 v.
1111 1587 1142 1653 h.
1158 1589 1218 1654 VII
1233 1594 1267 1653 5:
1295 1587 1352 1652 καὶ
1376 1585 1444 1672 τὴν

291 1687 423 1769 σχεδίαν
446 1680 483 1752 οὗ
507 1685 641 1775 δεηθεὶς
664 1689 839 1774 ναυπηγεῖν
944 1687 1129 1774 εἰργάσατο.
1175 1691 1259 1756 Dein
1282 1691 1363 1756 Dio:
1394 1686 1444 1752 τὰ

292 1789 327 1854 δὲ
356 1791 435 1875 περί
467 1793 606 1876 φυτείαν
635 1791 689 1854 καὶ
721 1795 881 1874 γεωργίαν
909 1783 1011 1868 εὐθὺς
1039 1788 1073 1856 ἐκ
1102 1790 1234 1857 παίδων
1266 1788 1437 1856 ἐσπουδα-

290 1889 355 1968 κώς
378 1896 549 1978 φαίνεται,
573 1888 666 1981 παρὰ
689 1893 747 1956 τοῦ
769 1888 898 1978 πατρὸς
920 1890 1038 1977 δένδρα
1061 1891 1163 1958 αἰτυῖν
1184 1894 1239 1958 καὶ
1263 1885 1444 1976 ἀμπέλους

291 1996 330 2073 (ω
346 1997 407 2060 336
418 1997 508 2078 sqq.).
547 1987 655 2069 άλλως
682 2017 718 2058 τε
740 1995 795 2058 καὶ
816 1995 875 2058 τοῦ
897 1991 1026 2080 πατρὸς
1053 1998 1197 2082 γεωργοῦ
1219 1989 1314 2070 ὄντος
1343 1993 1443 2060 πάνυ

292 2093 469 2179 ἐπιμελοῦς
494 2119 530 2160 τε
551 2095 605 2160 καί
630 2093 788 2181 ἐμπείρου
812 2093 898 2172 εἰκδς
925 2081 964 2182 ῆν
989 2089 1087 2162 αἰτδν
1108 2100 1213 2162 ταῦτα
1235 2094 1279 2184 μῆ
1304 2089 1442 2182 άγνοεῖν

292 2200 342 2278 (of.
370 2199 504 2265 Laertae
531 2199 713 2283 exemplum
741 2198 829 2285 apud
856 2200 1052 2285 Aelianum),
1084 2191 1171 2265 ὅπου
1198 2223 1234 2285 γε
1263 2200 1320 2270 καὶ
1347 2224 1442 2286 προ-

291 2301 440 2366 καλεῖται
461 2297 519 2366 τδν
542 2291 732 2386 Εδρύμαχον
754 2302 809 2366 καὶ
833 2293 959 2387 διμῆσαι
984 2303 1040 2366 καὶ
1069 2293 1190 2385 δρόσοι
1218 2305 1251 2379 (σ
1267 2305 1328 2367 365
1341 2305 1439 2386 sqq).

292 2404 439 2487 Denique
454 2421 531 2470 cum*
541 2402 707 2469 Athenaeo
724 2410 755 2469 et
769 2404 904 2470 Aeliano
923 2405 1106 2490 conspirant
1127 2403 1224 2471 haec:
1248 2396 1333 2467 άλλά
1349 2425 1440 2491 φησι

291 2505 346 2568 καὶ
368 2500 607 2568 τῶντοιούτων
623 2501 779 2588 ἔμπειρος
802 2499 897 2584 εἶναι,
919 2507 1110 2590 μαγειρικῆς
1131 2529 1167 2569 τε
1189 2505 1244 2570 καὶ
1266 2503 1439 2587 οἰνοχοΐας

292 2605 427 2690 καὶτῆς
449 2598 550 2691 άλλης
573 2598 705 2690 ἆπάσης
729 2603 911 2686 διακονίας,
942 2603 962 2670 ἅ
985 2628 1068 2694 φησι
1089 2605 1166 2684 τοὺς
1188 2612 1342 2695 χείρονας
1364 2619 1437 2683 τοῖς

294 2698 436 2792 άγαθοῖς
459 2705 690 2771 διακονεῖσθαι
712 2709 741 2785 (ο
757 2710 839 2786 324).
906 2707 909 2714 '

377 2809 427 2875 Ne
454 2807 672 2876 Aristarchum
701 2809 830 2893 quidem
861 2809 942 2878 haec
969 2810 1171 2896 Chrysippea
1203 2812 1439 2897 interpretandi

293 2913 374 2978 ratio
398 2911 518 2994 effugit,
542 2931 613 2977 cum
635 2911 723 2996 apud
744 2913 959 2980 Aristonicum
980 2914 1023 2980 ad
1042 2915 1141 2978 Γ261
1167 2913 1248 2980 haec
1269 2915 1437 2998 legantur:

292 3009 311 3098 ῆ
330 3012 432 3099 διπλῆ
446 3008 499 3077 δτι
515 3010 572 3076 δύο
589 3009 782 3093 ἑπεδέχοντο
798 3013 831 3079 οἱ
847 3013 971 3101 δίφροι.
995 3011 1046 3079 διδ
1065 3016 1120 3079 νῦν
1135 3019 1291 3100 Πρίαμος
1308 3009 1440 3101 ῆνιοχεῖ

293 3116 581 3201 παραιβατοδντος
602 3116 662 3178 τοῦ
677 3107 879 3202 Ἀντήνορος.
911 3117 966 3181 καὶ
987 3112 1039 3180 δτι
1055 3115 1087 3181 οἱ
1102 3107 1206 3203 ῆρωες
1228 3115 1353 3193 πάντες
1378 3117 1438 3201 ἐ’μ-

294 3241 406 3302 πειροι
421 3217 476 3280 καί
493 3207 676 3300 αὐτουργοί,
700 3214 751 3282 διδ
770 3219 826 3282 καὶ
842 3209 1017 3294 Ὀδυσσεδς
1039 3231 1200 3304 ναυπηγεῑ
1222 3222 1250 3297 (ε
1264 3223 1328 3284 234
1340 3225 1437 3304 sqq.),

293 3321 349 3386 καὶ
370 3319 509 3404 κυβερνᾷ
533 3321 563 3396 (κ
578 3321 638 3396 32).
683 3319 772 3384 Haeo
793 3325 899 3386 autem
921 3320 962 3386 de
979 3321 1083 3387 Ulixis
1107 3312 1342 3407 αδτοδιακονίᾳ
1364 3325 1438 3389 sive

295 3413 471 3506 αὐτουργίᾳ
498 3419 657 3502 δουλεῖαι,
685 3426 720 3485 ut
749 3419 799 3487 his
827 3422 905 3503 ipsis
932 3421 1038 3487 verbis
1066 3427 1205 3506 utamur,
1241 3425 1295 3505 qui
1323 3425 1436 3490 stoicis

294 3527 433 3589 omnium
446 3524 595 3589 virtutum
610 3523 670 3587 fuit
683 3523 901 3606 exemplumll,
917 3523 1008 3606 quasi
1020 3517 1298 3608 comprehenditur
1309 3523 1436 3591 scholio

294 3625 433 3720 quodam
449 3624 491 3690 ad
508 3625 537 3686 Θ
552 3626 592 3688 93
608 3623 685 3690 Ven.
698 3623 727 3690 A
742 3623 937 3706 adnotatum,
957 3630 991 3690 ut
1005 3622 1236 3710 πολυμήχανος
1251 3645 1306 3692 cur
1321 3629 1435 3710 appel-

294 3727 378 3792 latus
401 3731 485 3792 esset
506 3726 619 3792 Ulixes
641 3726 859 3792 illustraretur.
893 3725 963 3804 Quo
985 3728 1019 3793 in
1041 3727 1163 3794 scholio
1186 3727 1307 3812 duplici
1329 3729 1437 3795 forma

296 3834 432 3911 servato,
456 3846 587 3910 quarum
609 3829 743 3894 alteram
765 3828 843 3894 Ven.
863 3828 889 3893 B
912 3849 1038 3912 quoque
1061 3829 1208 3914 exhibet,
1230 3829 1363 3897 Ulixem
1387 3853 1435 3899 se·

382 4049 406 4113 1)
423 4045 464 4101 cl.
482 4044 615 4099 Zellerum
628 4039 703 4101 ‘nisa
716 4047 811 4114 philos.
825 4040 882 4103 Gr?
899 4047 939 4100 lII
953 4047 980 4102 1³
996 4065 1025 4118 p.
1036 4051 1093 4104 ³35.
