3018 4736
266 277 308 332 De
327 277 494 332 Dioscuridis
512 281 577 350 περὶ
595 282 654 334 τῶν
671 271 739 350 παρ’
752 271 861 353 Ὁμήρῳ
879 273 977 346 νόμων
993 275 1093 332 libello.
1193 277 1254 338 183

106 447 287 537 ἁρμόζεται
308 446 392 514 κατὰ
421 446 488 514 τδν
509 447 667 532 παρόν·
690 441 851 515 Ὀδυσσέα
877 448 1126 531 καθομιλοῦντα
1160 447 1255 526 τοὺς

105 549 380 636 τακαιρδν(ολ
393 553 444 618 Ps.
447 552 669 629 Plutverbo)
694 549 865 636 καιροὺς
901 545 1003 636 ὑπὲρ
1039 552 1109 615 τοῦ
1146 549 1253 618 δοκεῖν

105 649 210 738 ὑπὲρ
232 665 426 735 τουτυχειν
441 677 487 718 ων
504 649 667 736 edoniaco
696 648 848 738 δμοήδης
883 665 953 729 τοῖς
988 649 1132 728 Φαίαξιν
1168 647 1255 718 εἶναι

105 738 479 840 προσποιεῖταιουντδ
504 749 668 840 ἆβροδί-
695 751 737 819 τὸ
769 748 1045 838 ἁβροδίαιτον
1075 745 1183 820 αὐτῶν
1214 747 1258 818 δι-Ι

107 879 226 924 αιτον
270 848 545 935 ἆοντόζεοδαι
584 859 669 920 τῶν
696 853 938 935 οντόζεσδαι
975 855 1254 940 ντροττυθόμε-

108 955 307 1024 Φαιάκων
341 949 521 1044 ἆκηκοως
558 955 670 1042 λεγόν·
696 982 764 1024 νον
786 958 857 1022 τοῦ
878 949 1105 1044 Ἀλκίνου·Ι

105 1077 192 1124 των·

164 1265 268 1346 θαρίς
289 1269 325 1350 τὲ
345 1266 440 1346 χοροί
461 1253 503 1326 τό
530 1265 569 1340 (θ
584 1264 667 1341 248).
922 1263 1026 1342 θαρλς
1047 1285 1083 1326 τε
1102 1266 1197 1346 χοροί
1219 1285 1256 1327 τε

696 1360 815 1444 εἵματά
835 1354 865 1425 τ’
892 1360 1051 1449 ἐξημοιβὰ
1074 1362 1193 1450 λοετρά
1218 1388 1256 1429 τε

694 1461 807 1547 θερμὰ
821 1465 877 1528 καὶ
901 1456 1003 1529 εόναῖ
1031 1467 1070 1542 (θ
1084 1468 1155 1532 248.
1169 1468 1254 1543 249).

694 1563 804 1646 μόνως
836 1562 898 1649 γὰρ
933 1557 1036 1641 οὕτως
1074 1558 1171 1652 ᾠήθη
1209 1559 1256 1632 ὥν

680 1661 813 1752 [ἤλπιζε
833 1665 876 1751 μὴ
893 1665 1101 1751 διαμαρτεῖν.

194 1789 327 1868 Etiamsi
350 1789 434 1855 enim
456 1786 654 1873 Porphyrius
677 1807 735 1854 sua
756 1792 789 1852 et
817 1806 858 1852 ex
885 1787 985 1853 stoico
1009 1792 1104 1852 etex
1129 1789 1255 1872 peripa-

107 1893 206 1959 tetico
229 1910 325 1974 opere
349 1890 492 1956 delibare
514 1891 634 1974 potuit,
663 1896 770 1956 tamen
793 1887 877 1954 hunc
900 1889 941 1955 ob
963 1895 1149 1974 cqnoeutum
1170 1890 1254 1973 peri-

107 1994 282 2078 pateticum
298 2012 412 2075 corpus
427 1993 552 2074 utrique
575 1992 707 2058 subesse
728 1997 886 2074 putamus,
911 2011 982 2056 oum
1004 1988 1091 2074 apud
1113 1991 1255 2057 Pseudo·

106 2093 314 2160 Plutarchum
337 2113 379 2158 ex
406 2094 577 2158 stoicorum
600 2093 733 2158 consilio
755 2092 801 2158 ita
829 2090 956 2157 deflexa
978 2097 1063 2156 esset
1090 2089 1171 2157 haec
1192 2111 1253 2176 res,

106 2202 145 2262 ut
167 2195 322 2279 quosdam
344 2193 555 2278 philosophos
576 2195 618 2259 ab
640 2194 780 2260 Homero
803 2193 977 2274 sumpsisse
1003 2189 1180 2257 doctrinam
1202 2213 1254 2259 ac·

109 2297 334 2364 commodandi
356 2315 406 2362 res
429 2297 590 2380 praesenti
613 2295 750 2380 tempori
772 2295 998 2371 statueretur.¹)

194 2398 317 2464 Eadem
347 2397 413 2464 fere
435 2397 619 2464 Athenaeus
648 2397 781 2480 protulit
809 2396 842 2459 in
869 2395 890 2459 l.
913 2395 941 2458 V
963 2397 1068 2480 capite
1092 2399 1141 2476 19,
1168 2395 1255 2477 quod

107 2520 206 2583 supra
227 2521 258 2584 p.
277 2503 334 2563 171
349 2519 418 2582 sqq.
442 2519 484 2566 ex
505 2497 669 2565 Seleuceis
695 2497 809 2581 pannis
832 2502 864 2562 et
886 2495 1085 2564 Dioscuridis
1114 2495 1255 2580 quodam

106 2602 242 2668 frustulo
254 2608 418 2668 consutum
434 2619 506 2667 csse
517 2601 669 2666 vidimus:
692 2595 730 2662 τὸ
748 2595 783 2662 δὲ
796 2599 854 2662 τοῦ
866 2589 1038 2663 Ἀλκινόου
1055 2593 1254 2679 συμπόσιον,

107 2698 196 2787 πρὸς
218 2699 236 2766 δ
260 2693 469 2768 ἀποτέταται
490 2695 507 2766 ὁ
531 2703 591 2765 τοῦ
609 2693 794 2775 Ὀδυσσέως
809 2697 920 2784 λόγος·
940 2691 991 2764 ‘ori
1014 2697 1076 2784 γὰρ
1100 2696 1201 2784 ἐ’γωγέ
1221 2702 1256 2763 τί

107 2826 198 2890 φημι
219 2802 287 2867 κτλ.
310 2805 335 2881 (ι
351 2792 458 2878 5-8)’
485 2799 576 2877 ξένου
591 2795 759 2885 ὑποδοχὴν
775 2797 850 2880 ἔχει,
874 2794 978 2866 όντων
993 2801 1046 2864 καὶ
1064 2792 1255 2865 αὐτῶντῶν

110 2901 271 2968 Φαιάκων
298 2902 471 2989 τρυφερῶν
493 2902 541 2980 (ir.
568 2904 606 2966 18
627 2905 747 2985 plot,
770 2903 929 2977 26-31).
980 2901 1064 2966 Nam
1086 2903 1143 2967 vix
1169 2909 1255 2970 recte

198 3091 222 3152 1)
240 3086 360 3140 Stoicum
377 3083 444 3139 illud
467 3083 501 3138 de
518 3083 630 3153 Epicuri
652 3083 726 3140 furto
748 3083 885 3138 inventum
903 3083 984 3138 stiam
1008 3083 1130 3137 scholion
1148 3083 1256 3138 exhibet

107 3171 145 3224 ad
163 3173 231 3226 cli:
249 3175 341 3241 γνῶθι
360 3160 405 3227 ότι
422 3173 517 3234 καλῶς
535 3169 610 3240 λέγει
627 3171 675 3224 καὶ
692 3159 862 3240 Ἐπίκουρος
880 3159 896 3224 δ
915 3163 1077 3239 φιλόσοφος
1093 3171 1135 3242 τῷ
1153 3164 1255 3225 ἑαυτοῦ

108 3251 232 3326 δόγματι
249 3251 368 3328 δριστον
385 3255 467 3320 τέλος
484 3250 556 3311 εἶναι
577 3249 694 3310 πάντων
717 3246 768 3322 τὴν
788 3245 900 3323 ἡδονήν,
924 3249 956 3318 ἐξ
967 3245 1087 3324 Ὁμήρου
1104 3255 1189 3309 τοῦτο
1208 3257 1256 3308 λα-

106 3335 173 3413 βὼν
189 3341 238 3395 καὶ
259 3336 306 3395 ἐπὶ
329 3333 445 3396 πάντων
468 3333 556 3404 αὐτὸς
578 3335 706 3402 ἐκτείνας
729 3331 780 3407 τὴν
797 3340 846 3406 τῆς
870 3331 972 3408 ἡδονῆς
989 3331 1165 3407 τελειότητα,
1186 3352 1256 3406 quae

108 3439 165 3478 non
183 3427 307 3492 spectare
324 3426 439 3489 possunt
455 3423 507 3478 nisi
524 3423 559 3478 ad
576 3438 669 3478 versus
688 3443 697 3476 ι
716 3427 797 3489 5sqq.
833 3420 919 3490 Quam
936 3421 971 3476 ob
995 3436 1052 3476 rem
1076 3421 1127 3476 hoc
1149 3436 1256 3490 quoque

109 3507 254 3578 Porphyrii
271 3507 405 3575 quoddam
422 3508 539 3562 frustum
556 3523 615 3562 esse
633 3505 760 3570 semeias,
778 3505 834 3560 sive
851 3521 885 3560 cx
902 3505 988 3562 stoico
1001 3520 1115 3575 corpore
1132 3504 1255 3574 deprom-

110 3597 188 3660 ptum
205 3595 255 3660 cst,
273 3591 329 3646 slve
345 3591 374 3645 in
391 3593 568 3662 peripatetico
586 3590 665 3645 etiam
682 3589 735 3644 hoc
752 3594 890 3660 receptum
907 3588 992 3644 fuisse
1011 3589 1165 3658 credideris,
1183 3590 1256 3646 unde

109 3680 138 3731 ct
156 3675 322 3746 Porphyrius
340 3679 368 3730 ct
385 3676 559 3731 Dioscuridu
577 3673 761 3744 potuerIntin
778 3689 841 3730 suas
859 3689 902 3729 res
920 3675 1060 3729 deducere.

194 3760 238 3813 Ad
255 3760 367 3814 eandem
385 3776 440 3814 rem
453 3759 555 3814 Seneca
573 3775 679 3828 quoque
695 3759 816 3814 alludit
808 3776 837 3813 rn
855 3760 933 3828 epist.
947 3775 1014 3814 mer.
1027 3759 1045 3814 l
1057 3759 1125 3812 XIII
1137 3764 1151 3815 3
1164 3764 1226 3827 (88),
1240 3768 1255 3816 5

110 3838 189 3900 hisr‘
193 3860 256 3900 uam
273 3845 352 3899 modo
371 3844 491 3899 StoIcum
508 3844 583 3898 illum
601 3843 705 3898 faciunt
723 3843 791 3910 (scil.
802 3844 958 3910 Homerum)
969 3885 975 3898 .
987 3886 993 3899 .
1005 3886 1011 3900 .
1024 3885 1040 3913 .,
1057 3844 1136 3899 modo
1153 3845 1255 3915 Epicu-

73 3939 89 3977 f
110 3947 194 3996 reum,
211 3929 366 3984 laudantcm
378 3936 478 3984 statum
496 3929 604 3998 quietae
616 3929 732 3984 civitatis
751 3933 778 3982 ct
794 3927 866 3984 iuter
879 3929 1000 3984 conviviis
1012 3934 1161 3998 cantusque
1173 3929 1256 3984 sitam

13 4001 14 4014 ¹
111 4015 249 4084 exigentis,
267 4013 345 4070 modo
364 4006 580 4084 Peripateticum'
598 4019 650 4068 etc.
