3008 4734
748 303 884 358 Robertus
903 303 1005 359 Weber

386 592 526 659 Athen.
542 592 625 659 111b
640 583 693 658 δτι
708 605 851 680 τροφαῖς
866 590 1005 679 ἐχρῶντο
1016 589 1086 676 (οἱ)
1101 584 1205 678 ἥρωες
1220 584 1305 677 παρ’
1321 585 1462 676 Ὁμήρῳ

302 697 436 779 πρῶτον
457 692 519 775 μὲν
540 695 588 777 τῷ
609 694 800 779 καλουμένῳ
823 686 1055 780 ἀκρατίσματι,
1078 691 1096 759 ὸ
1120 694 1206 778 λέγει
1228 686 1387 778 άριστον.
1425 685 1463 756 οῦ

303 787 397 874 άπαξ
415 798 578 880 μέμνηται
600 792 634 860 ἒν
652 787 845 882 Ὀδυσσείᾳ·

746 889 901 974 Ὀδυσεύς
922 909 979 961 καῖ
1000 895 1072 974 δῖος
1093 890 1241 982 ύῳορβός

264 1013 279 1062 5
431 993 599 1063 ἐντύνοντο
622 990 759 1079 άριστον
780 989 857 1081 (ἀμ’
875 989 957 1083 ἠοῖ),
980 1001 1133 1086 κηαμένω
1155 999 1223 1083 πῦρ
1243 1002 1285 1075 (π
1300 1003 1405 1082 leq),

301 1100 357 1166 καὶ
380 1091 474 1176 άπαξ
495 1096 530 1165 έν
547 1091 678 1165 Ἰλιάδι·

428 1197 614 1282 ἐσσυμένως
636 1197 792 1265 έπίνοντο
814 1201 870 1266 καὶ
893 1197 1062 1266 ἐντύνοντο
1086 1192 1221 1286 άριστον
1243 1201 1288 1278 (Ω
1307 1203 1398 1278 124).

303 1303 390 1387 λέγει
412 1299 506 1368 δὲτὸ
531 1299 680 1387 πρωινὸν
702 1299 871 1387 έμβρωμα,
901 1299 920 1367 ὸ
942 1296 1038 1389 ἡμεῖς
1060 1293 1263 1387 ἀκρατισμὸν
1286 1301 1458 1384 καλοῦμεν

303 1401 419 1469 διὰτὸ
443 1400 477 1470 ἐν
499 1395 632 1488 ἀκράτῳ
653 1406 781 1488 βρέχειν
802 1403 858 1468 καί
881 1406 1089 1488 προσίεσθαι
1111 1400 1268 1487 ψωμούς,
1296 1397 1344 1480 ὡς
1368 1453 1378 1468 .
1398 1450 1406 1464 .
1424 1453 1455 1468 ..
1480 1469 1481 1472 ,

252 1516 280 1567 10
302 1497 551 1591 Ἀριστομένης·
861 1557 863 1562 .
1480 1491 1482 1622 Ι

430 1600 649 1692 ἀκρατιοῦμαι
670 1604 796 1688 μικρὸν,
820 1597 893 1672 εἶδ’
918 1598 987 1693 ἥξω
1009 1604 1122 1687 πάλιν,

429 1700 530 1792 ἀρτου
553 1695 647 1783 δίς
626 1732 645 1792 η
668 1709 741 1791 τρίς
764 1699 955 1774 ἀποδακών.

305 1807 464 1895 Φιλήμων
488 1807 525 1873 δέ
542 1829 644 1895 φησιν
666 1799 718 1873 δτι
740 1821 884 1896 τροφαις
906 1807 934 1874 δ
952 1808 1092 1892 ἐχρῶντο
1115 1807 1148 1875 οί
1170 1808 1323 1887 παλαιοί,
1301 1800 1454 1928 ίάκρῳ-
1483 1834 1484 1930 η

302 1915 448 1992 τίσματι,
463 1901 599 1995 ἀρίστῳ,
615 1906 846 1994 ἑσπερίσματι,
863 1910 914 1976 δεί
901 1915 999 1997 ίπνῳ.
1022 1907 1080 1976 τὸν
1095 1893 1209 1992 μὲν
1171 1934 1228 1976 ουν
1244 1899 1484 1996 ἀκρατισμὸν

252 2025 280 2075 15
304 2005 439 2099 ἀριστον
461 2010 580 2096 ἐ’λεγον,
603 2035 641 2076 το
631 2004 733 2076 δὲ”
711 2032 847 2096 αριστον
863 2011 1008 2092 δεῖπνον,
1030 2009 1068 2077 τὸ
1093 2011 1128 2077 δέ
1152 2009 1288 2076 δεῖπνον
1311 2009 1453 2098 δόρπον.
1484 2003 1485 2084 λ

390 2199 1119 2322 lsqq.Plub.quaest.conviv.V1116,1v
1147 2189 1328 2280 ὑπολαβών
1359 2193 1450 2263 δὲἰ
1434 2223 1450 2263 0
1485 2175 1486 2292 λ

305 2292 443 2381 Θέων,
429 2321 556 2386 ηκιστα,
580 2294 683 2379 είπεν,
713 2323 743 2364 ει
733 2295 1018 2376 ’δεῖτοῖςτδν
1041 2290 1332 2382 άρχαῖονβίον
1356 2298 1451 2365 δια·

301 2399 604 2488 μνημονεύουσι
618 2399 799 2468 πιστεύειν.
823 2402 908 2486 φασί
923 2397 985 2521 γάρ
1001 2397 1187 2479 ἒκείνους,’
1173 2397 1363 2522 εργατικοὸς
1380 2393 1451 2483 άμα

302 2505 357 2569 καὶ
374 2501 550 2589 σώφρονας
565 2498 672 2582 δντας,
689 2501 796 2567 έωθεν
812 2495 979 2567 ἐσθίειν”
958 2525 1057 2585 αρτον
1073 2499 1106 2568 έν
1118 2494 1259 2589 ἀκράτῳ,
1274 2503 1330 2568 καὶ
1345 2503 1450 2590 μηδὲν

253 2616 282 2666 hb
305 2599 404 2668 άλλο·
428 2601 479 2669 διὸ
496 2605 594 2668 τοῦτο
617 2603 677 2685 μὲν
693 2596 880 2685 ἀκράτισμα
901 2602 1013 2668 καλεῖν
1029 2599 1085 2668 διὰ
1100 2601 1159 2669 τὸν
1174 2597 1326 2690 ἄκρατον.
1360 2599 1450 2689 ὸψον

304 2702 391 2770 δὲτὸ
408 2702 739 2789 παρασκευαζόμενον
755 2701 803 2780 εἰς
825 2702 961 2769 δεῖπνον
978 2696 1100 2780 αὐτοῖς.
1134 2696 1201 2788 ἀψὲ
1222 2703 1284 2790 γὰρ
1299 2705 1450 2773 δειπνεῖν

303 2799 372 2872 ἀπὸ
395 2807 462 2870 τῶν
484 2803 638 2891 πράξεων
659 2809 863 2891 γενομένους.
900 2802 935 2870 έκ
956 2803 1074 2871 τούτου
1096 2808 1152 2872 καὶ
1175 2803 1212 2872 τὸ
1235 2804 1372 2873 δεῖπνον
1394 2811 1449 2875 καὶ

301 2905 339 2973 τὸ
364 2900 515 2992 άριστον,
545 2898 606 2993 ἀφ’
632 2897 711 2972 ὸτου
734 2904 832 2990 λάβοι
854 2901 1015 2990 τούνομα,
1044 2905 1177 2994 ζήτησιν
1199 2911 1354 2994 παρέσχε.
1394 2913 1449 2976 καὶ

301 3007 339 3075 τὸ
362 3009 423 3092 μὲν
445 3001 580 3094 ἀριστον
603 3000 710 3073 έδὸκει
731 3010 779 3093 τῳ
802 3000 1024 3094 ἀκρατίσματι
1038 3001 1167 3075 ’ταύτὸν
1187 3005 1282 3089 είναι,
1305 3008 1449 3097 μάρτυρι

128 3127 134 3136 ’
252 3125 281 3174 it
303 3113 351 3197 τη]
369 3103 510 3197 Ὁμήρῳ,
534 3109 661 3194 λέγοντι
682 3106 759 3186 τυὸς
782 3111 860 3193 περὶ
881 3107 941 3176 τὸν
964 3104 1110 3192 Εύμαιον
1132 3113 1172 3188 (π
1188 3114 1220 3188 2)
1242 3104 1449 3188 ‘tatrones

388 3295 536 3348 Avcroars
563 3297 642 3360 tsqq.
661 3293 891 3347 Aristarchus
909 3292 945 3346 ad
963 3296 992 3348 Ω
1006 3296 1054 3347 124
1072 3293 1150 3347 etad
1168 3312 1189 3349 π
1202 3297 1226 3358 2,
1244 3293 1279 3348 ct.
1292 3293 1389 3350 Lehrs.
1403 3297 1420 3350 1.
1430 3298 1447 3352 l.

302 3397 329 3449 p.
343 3383 488 3532 1²71⁸t6l6qq.
514 3460 760 3524 Aristarchus,
779 3458 813 3513 ci.
832 3474 902 3528 quac
919 3459 1114 3530 disputavimus
1127 3455 1173 3516 ‘dc
1190 3461 1347 3518 Philemone
1364 3465 1447 3520 Athe-

303 3548 391 3603 niensi
406 3541 608 3616 glossographc'
625 3545 653 3600 in
672 3549 841 3599 commentat.
861 3543 991 3599 Ribbeck.
1010 3561 1036 3613 p.
1047 3549 1105 3600 449.

388 3636 421 3686 20
430 3647 487 3700 sqq.
514 3628 738 3687 Aristarchus
755 3629 791 3683 ad
808 3635 835 3685 Α
847 3631 896 3682 630
913 3628 942 3682 in
959 3627 1028 3684 Ven.
1041 3631 1074 3684 A.

305 3738 507 3748 ——.—-—

406 3787 421 3836 2
441 3781 469 3838 οἱ
485 3783 545 3836 add.
564 3781 704 3837 Kaibelius
726 3780 731 3849 Ι
754 3785 819 3850 4υη.
837 3779 1003 3836 restituimus
1020 3795 1122 3836 versus.

376 3871 470 3932 cusq.
488 3861 609 3934 τὸνμὲν
627 3857 679 3923 οῦν
693 3861 873 3939 ἀκρατισμὸν
885 3860 1085 3936 διανηστισμὸν
1102 3861 1209 3937 έλεγον,
1227 3859 1262 3921 τὸ
1281 3865 1310 3922 δὲ
1327 3861 1446 3938 άριστον

302 3947 479 4025 δορπηστόν,
505 3946 540 4005 τὸ
564 3951 594 4007 δὲ
615 3955 731 4007 δεῖπνον
753 3949 923 4022 ἐπιδορπίδα
948 3949 1041 4005 carih:
1068 3951 1232 4004 correximus
1254 3949 1283 4002 in
1304 3960 1444 4006 comment.

302 4035 435 4090 Ribbeck.
454 4033 472 4088 l.
482 4034 500 4087 1.
520 4049 548 4102 p.
561 4038 657 4102 ttisq.
