3008 4734
758 315 894 371 Κουσπίου
913 315 1011 370 Weber

856 507 913 573 111.

401 625 539 722 Αίδαο.
561 626 712 692 19⁴¹nal
733 623 798 710 μὴν
820 617 879 691 ούδ
901 617 1038 708 ὀπώραν
1060 629 1273 713 παρατίθησί
1293 649 1364 690 τινι
1389 630 1469 689 καί·

317 750 380 808 περ
403 723 504 792 ούσαν
525 726 652 814 πολλὴν
674 731 729 794 καὶ
750 720 870 812 ἥδιστα
890 726 1010 814 ταύτης
1031 727 1243 815 μνημονεύων
1264 729 1320 794 καὶ
1344 725 1469 792 πάντα

314 827 431 913 χρόνον
447 829 703 910 παρασκευάζων
720 828 906 895 ἀθάνατον·
926 823 1035 916 εύγγνη
1051 827 1122 914 γάρ,
1138 835 1250 916 φησίν,
1269 823 1325 895 ἐπ’
1346 821 1466 916 ὄγχνη

317 934 437 1016 (η120)
459 930 513 996 καὶ
535 928 578 995 τὰ
600 929 682 1018 ἐξης.
1476 944 1479 1080 η

861 1054 906 1118 IV

288 1180 303 1229 5
400 1168 541 1236 Athen.
561 1171 578 1236 Ι
598 1174 635 1235 9⁰
662 1161 745 1234 ἀλλά
767 1167 830 1258 μὴν
848 1168 923 1236 ούδέ
938 1174 1221 1259 στεφανουμένους
1243 1162 1319 1236 ούδέ
1335 1099 1480 1253 μυρου-λ

316 1271 434 1350 μένους
461 1282 554 1335 ποιεῖ
582 1262 695 1357 ῶσπερ
725 1264 801 1337 ούδέ
822 1275 1031 1355 θυμιῶντας,
1061 1269 1145 1337 ἀλλά
1173 1271 1309 1337 πάντων
1331 1271 1468 1338 τούτων

318 1363 566 1454 ἀπολυομένους
586 1369 663 1449 τούς
685 1366 888 1459 ἀνθρώπους
911 1373 957 1451 εἰς
980 1372 1173 1456 ἐλευθερίαν
1187 1375 1242 1438 καὶ
1260 1366 1467 1458 αύτάρκειαν

318 1471 497 1557 ἐξαιρεῖται
529 1472 606 1551 τούς
639 1475 800 1561 πρώτους.
844 1478 900 1541 καὶ
928 1480 1024 1554 θεοῖς
1057 1476 1093 1542 δὲ
1126 1471 1235 1560 ἁπλῆν
1265 1467 1468 1542 ἀποδίδωσι

318 1574 449 1641 δίαιταν
465 1579 580 1662 νέκταρ
601 1578 654 1641 καί
679 1569 873 1664 ἀμβροσίαν.
909 1580 964 1643 καὶ
987 1577 1064 1656 τούς
1086 1571 1288 1661 ἀνθρώπους
1311 1575 1347 1642 δέ
1365 1592 1469 1644 ποιεῖ

268 1688 296 1738 10
319 1681 484 1761 τιμῶντας
513 1671 631 1755 αύτούς
662 1670 729 1743 ἀπδ
760 1682 819 1767 τῆς
847 1680 992 1767 διαίτης,
1028 1673 1161 1766 ἀφελῶν
1190 1676 1373 1763 λιβανωτὸν
1403 1677 1483 1746 καί

318 1778 462 1868 σμύρναν
484 1781 540 1846 καί
563 1778 746 1867 στεφάνους
768 1783 823 1847 καὶ
845 1778 904 1867 τὴν
927 1783 1005 1866 περὶ
1027 1783 1132 1847 ταῦτα
1153 1779 1289 1868 τρυφήν.

1484 1880 1485 1934 λ

865 1969 911 2052 V„
1485 2043 1486 2046 ,

402 2085 543 2154 Athen.
558 2087 574 2152 Ι
589 2085 627 2152 9f
646 2087 700 2151 καὶ
716 2089 774 2171 τῆς
795 2081 903 2173 ἁπλῆς
926 2085 961 2151 δέ
983 2084 1102 2171 ταύτης
1125 2084 1253 2173 διαίτης
1275 2078 1334 2152 ούκ
1349 2081 1462 2175 ἀπλη-

320 2212 405 2267 στως
438 2181 668 2264 ἀπολαύοντας
700 2193 917 2274 παρίστησιν,
951 2180 1024 2253 ἀλλ’
1056 2181 1101 2264 ῶς
1132 2187 1164 2252 οἱ
1193 2186 1365 2272 κράτιστοι
1392 2190 1461 2250 τῶν
1486 2192 1487 2204 ’

320 2291 441 2376 ἰατρῶν
464 2283 603 2376 ἀφαιρεῖ
622 2286 683 2366 τὰς
705 2288 907 2377 πλησμονάς,
1487 2365 1488 2368 ¹

268 2405 297 2456 15
403 2386 507 2478 αὐτὰρ
531 2389 605 2456 ἐπεὶ
627 2390 749 2468 πύσιος
770 2393 823 2456 καὶ
848 2389 981 2477 ἐδητύος
1003 2389 1038 2468 ἐξ
1059 2389 1133 2475 ἐραν
1156 2388 1228 2456 έντο
1252 2396 1285 2470 (α
1303 2393 1393 2467 150)·
1487 2385 1488 2388 “

319 2498 375 2562 καὶ
395 2492 454 2582 την
470 2491 656 2575 ἐπιθυμίαν
672 2491 906 2580 πληρώσαντες
928 2495 961 2558 οἳ
982 2485 1048 2575 μέν’
1064 2491 1218 2578 ἐξώρμων
1241 2490 1297 2558 ἐπὶ
1320 2493 1459 2578 μελέτην

321 2592 503 2684 ἀθλητικὴν
516 2593 659 2659 δίσκοισι
674 2592 872 2680 τερπόμενοι
886 2595 941 2658 καί
957 2592 1126 2678 αἰγανέαις
1140 2594 1171 2673 (δ
1184 2598 1267 2674 626),
1282 2596 1323 2680 τῇ
1335 2593 1461 2680 παιδιᾷ

320 2698 357 2765 τὸ
382 2695 468 2783 πρὸς
497 2693 645 2782 σπουδὴν
668 2693 915 2778 ἐκμελετῶντες·
947 2698 980 2761 οἳ
1002 2695 1038 2761 δέ
1066 2696 1266 2783 κιθαρῳδῶν
1293 2690 1459 2782 ἠκροῶντο

320 2798 380 2877 τὰς
401 2794 545 2885 ἡρωικὰς
566 2796 706 2883 πράξεις
728 2795 762 2862 ἐν
783 2799 876 2880 μέλει
897 2799 953 2863 καὶ
975 2794 1096 2886 ῥυθμῷ
1117 2796 1312 2864 ποιούντων.

270 3033 299 3083 κο
405 3017 548 3085 Iulian.
578 3019 691 3105 Misop.
715 3020 877 3103 452,5H.
905 3015 943 3084 τὸ
966 3015 1028 3103 γὰρ
1056 3019 1111 3083 καὶ
1141 3013 1265 3098 ἰχθύων
1287 3017 1342 3080 καὶ
1368 3007 1458 3100 ύρνι-

320 3121 408 3183 θίων
425 3117 521 3204 λόγον
535 3124 715 3186 ποιεῖσθαι
731 3124 819 3204 πέρα
840 3121 965 3206 τρυφῆς
988 3114 1074 3184 εἶναι
1095 3121 1150 3185 καὶ
1171 3110 1210 3202 ἧς
1233 3108 1309 3182 ούδὲ
1331 3130 1402 3193 τοῖς
1425 3116 1458 3183 ἐν

316 3210 430 3305 Ἰθάκη
453 3224 635 3308 μνηστῆρσι
656 3224 757 3307 μετῆν
779 3214 960 3305 ἀσελγείας.

407 3326 527 3406 16sqq.
550 3319 674 3408 [Plut]
697 3325 751 3388 l.l.
774 3343 801 3389 ο.
817 3327 878 3387 207
908 3313 1002 3397 ὅπως
1025 3320 1137 3388 δὲκαὶ
1158 3327 1353 3407 γυμνασίοις
1379 3324 1458 3407 χρῆ-

322 3426 408 3488 σθαι
430 3425 663 3508 παραγγέλλει,
694 3420 838 3510 φανερὸν
866 3421 901 3488 ἐκ
922 3424 1066 3488 πολλῶν.
1103 3415 1156 3488 ἀεὶ
1183 3421 1245 3508 γὰρ
1274 3425 1459 3499 πονοῦντας

271 3542 299 3592 25
322 3536 425 3604 ποιεῖ,
447 3522 524 3602 τούς
545 3524 604 3607 μὲν
627 3522 752 3602 ἐντοῖς
774 3523 997 3610 προσήκουσιν
1020 3523 1135 3610 ἐργοις,
1157 3522 1234 3602 τούς
1257 3524 1293 3589 δὲ
1316 3517 1363 3590 δι’
1383 3522 1458 3591 ἐπι-

322 3624 542 3712 τηδευμάτων.
579 3617 683 3692 δποτε
704 3629 760 3692 καὶ
780 3624 858 3704 τούς
886 3620 1032 3709 μάλιστα
1060 3629 1101 3713 τῇ
1122 3621 1318 3713 ἡδυπαθείᾳ
1345 3650 1458 3714 κεχρη-

407 3814 554 3867 Δνοτοουο
581 3817 662 3880 5sqq.
687 3811 908 3866 Aristarchus
925 3811 959 3866 ad
977 3814 1006 3866 Ν
1021 3813 1079 3866 736.
1188 3801 1192 3810 '

408 3988 423 4038 8
441 3983 503 4038 fort„
522 3977 588 4048 τούς
604 3977 736 4052 πρώτους
752 3955 841 4048 (ἀους)
864 3995 919 4034 var.
938 3980 999 4035 lech
1018 3997 1042 4034 v.
1061 3976 1128 4046 τοὺς
1145 3975 1317 4053 ἀνθρώπους
1334 3973 1456 4051 (ἄνους),

322 4070 413 4139 itaque
430 4064 496 4134 τοὺς
513 4063 645 4143 πρώτους
662 4066 820 4122 delendum?
850 4063 1076 4120 Waohsmuthius.
