3018 4736
276 313 338 374 188
721 313 858 369 Robertus
875 312 975 368 Weber
1084 321 1088 328 '

276 489 628 572 6116666661(11.12),
658 506 763 572 66666
791 489 913 554 616166
941 493 996 554 661
1023 489 1149 572 frugum
1171 490 1220 567 (fr.
1238 491 1298 569 13).
1350 491 1427 557 Nee

277 595 608 672 verounguentorum
623 590 797 656 Homerum
819 591 901 675 fugit
915 593 1143 675 suaveolentia,
1165 611 1270 676 neque
1291 594 1426 677 ignotus

279 693 310 760 ei
331 692 391 758 1611
412 711 599 758 coronarum
620 711 696 757 usus
718 693 845 771 (11.14).
883 694 988 775 Atque
1003 694 1099 760 etiam
1121 695 1222 760 166166
1243 696 1335 761 novit
1356 695 1425 761 ele·

278 799 391 876 gauter
418 798 613 860 constructos
643 800 675 859 et
702 795 844 878 pretiosa
872 797 1014 879 stragula
1041 797 1090 874 (11.
1115 797 1180 879 15),
1216 796 1293 879 6616
1322 796 1425 862 immo

279 901 480 979 sumptuosos
502 895 637 962 famulos
660 896 788 972 (11.16).
833 895 969 963 Omnino
992 917 1117 964 omnem
1145 899 1236 964 novit
1257 899 1424 964 Dioscuri-

280 1001 361 1067 deao
383 999 497 1065 6616116
519 997 798 1082 magnificentiam.
848 1000 960 1083 Itaque
982 999 1241 1084 splendidissime
1270 999 1427 1067 describit
1501 1041 1502 1048 1

280 1103 386 1186 regias
401 1101 548 1184 Menelai,
571 1101 707 1185 Alcinoi,
723 1099 881 1185 Calypsus
896 1102 1080 1184 speluncam
1094 1098 1143 1184 (fr.
1162 1103 1222 1179 17).
1255 1103 1427 1187 Voluptati
1501 1169 1502 1176 ,

280 1225 357 1271 vero
379 1203 489 1269 dedita
505 1209 553 1268 est
574 1202 661 1287 apud
684 1203 819 1268 eundem
835 1202 1017 1269 Phaeacum
1030 1206 1107 1287 vita,
1131 1205 1208 1287 quin
1222 1205 1292 1288 ipse
1307 1202 1428 1270 Ulixes

280 1304 472 1392 quibusdam
494 1303 621 1370 videtur
641 1291 771 1387 lipiouri
793 1305 916 1371 ratione
937 1306 1002 1372 illis
1025 1306 1197 1390 voluptatis
1219 1305 1429 1389 praedicator

282 1409 444 1477 exstitisse
466 1407 514 1480 (11.
532 1410 581 1472 18.
600 1408 661 1483 19).
712 1405 750 1471 16
772 1405 920 1490 Odyssea
948 1407 1076 1473 omnino
1103 1413 1233 1492 propter
1261 1408 1361 1474 otium
1391 1411 1428 1472 et

280 1531 395 1597 paeem
423 1509 570 1576 luxuriae
598 1507 765 1591 indulgent
786 1507 835 1587 (11.
852 1509 914 1586 20).
957 1507 1012 1574 Sie
1034 1511 1124 1594 proei
1149 1514 1222 1575 ante
1251 1509 1335 1575 16166
1357 1508 1425 1574 eal-

282 1615 423 1682 6616166
445 1613 517 1677 1666
539 1629 610 1677 6666
633 1610 793 1676 6111661661
815 1615 847 1675 61
871 1616 1002 1693 propter
1023 1609 1181 1677 desidiam
1204 1617 1236 1677 et
1262 1610 1425 1676 luxuriam

281 1722 348 1782 tam
370 1715 483 1780 molles
499 1712 618 1778 habent
632 1732 754 1795 manus,
777 1716 867 1776 6166
882 1731 990 1776 61666
1006 1713 1135 1795 quidem
1148 1713 1271 1799 possint
1291 1711 1426 1778 tendere

283 1821 331 1900 (11.
347 1821 409 1894 21).
454 1814 524 1893 Quo
552 1816 586 1879 in
613 1814 725 1880 ordine
753 1814 1002 1896 fragmentorum
1025 1815 1212 1896 planissime
1233 1813 1331 1880 fluere
1354 1833 1427 1880 son·

283 1921 398 1988 1661166
420 1918 533 1984 lubens
556 1915 723 1998 ooneedes,
745 1921 780 1980 61
801 1915 942 1997 singulas
963 1935 1015 1982 res
1031 1918 1164 2000 singulis
1179 1937 1243 1983 non
1264 1937 1337 1983 raro
1358 1921 1428 1982 tam

285 2027 360 2108 apte
382 2020 524 2105 suppleri
546 2019 615 2084 iure
638 2017 772 2082 mireris.

369 2124 452 2188 Tum
469 2122 632 2206 eomplnra
644 2119 824 2203 fragmenta
838 2117 881 2184 ad
895 2120 962 2185 vini
977 2139 1070 2185 usum
1091 2120 1251 2204 pertinent
1264 2122 1427 2196 (22-25).

281 2227 383 2294 Novit
403 2225 561 2290 Homerus
576 2223 644 2288 vini
666 2221 805 2305 modum,
828 2227 984 2305 quatenus
1005 2221 1170 2304 eondueat,
1194 2227 1349 2304 quatenus
1370 2241 1428 2287 no·

284 2336 365 2412 seat,
388 2334 421 2394 et
442 2327 532 2393 varia
554 2322 709 2392 misoendi
730 2343 849 2407 genera
865 2325 912 2401 (fr.
929 2323 993 2400 22).
1030 2324 1115 2390 Illud
1137 2323 1267 2406 quidem
1288 2323 1428 2390 illustra-

285 2439 335 2498 tur
356 2429 502 2496 Nestoris
525 2427 674 2510 exemplo
689 2425 858 2492 Machaoni
873 2426 1057 2490 Pramnium
1079 2426 1286 2492 ministrantis
1309 2425 1358 2504 (11.
1374 2428 1429 2502 23)

286 2539 318 2598 61
340 2534 517 2614 fragmento
540 2533 599 2610 21,Ι
620 2529 648 2593 si
670 2547 705 2592 16
727 2546 805 2592 vera
827 2526 1187 2609 121666611111111161161,
1217 2527 1258 2592 de
1280 2533 1429 2613 potatore

285 2634 431 2700 Nestore.
469 2630 535 2696 Sed
556 2628 761 2695 temulentiae
782 2646 904 2712 poenas
926 2628 1016 2711 large
1031 2634 1194 2693 enumerat
1215 2628 1428 2711 fragmentum

285 2741 336 2802 25.
373 2735 456 2800 Dein
471 2729 705 2816 quodammodo
723 2729 806 2795 inter
820 2747 890 2795 sese
906 2727 1077 2795 cohaerent
1097 2729 1276 2812 fragmenta
1290 2733 1429 2797 26-28.

286 2839 324 2904 Ι6
344 2838 523 2920 fragmento
545 2834 596 2914 26,
625 2830 711 2914 quod
738 2851 813 2897 num
836 2831 904 2897 iure
926 2831 969 2897 ad
991 2830 1076 2898 huno
1103 2833 1248 2898 libellum
1273 2834 1430 2900 referatur

288 2939 420 3006 dubium
444 2943 507 3020 est,
536 2934 618 2999 illud
641 2934 819 3016 exponitur,
849 2935 980 2999 661661
1002 2934 1148 3000 Menelao
1170 2935 1430 3018 nullaiungatur

286 3041 410 3123 mulier,
433 3058 504 3104 666
526 3037 623 3103 661611
647 3034 864 3100 6661661616
887 3036 1106 3101 oonoumbant.
1143 3037 1286 3102 Alterum
1310 3037 1357 3115 (11.
1374 3038 1429 3123 27)

289 3142 330 3207 de
353 3139 498 3207 castitate
526 3138 694 3203 mulierum
717 3142 749 3200 et
770 3136 929 3218 virginum
953 3143 1016 3214 est,
1040 3156 1123 3220 6666
1144 3137 1287 3222 hospites
1307 3139 1426 3206 lavent.

289 3243 355 3310 Sed
377 3241 520 3307 libidinis
541 3258 662 3324 poenas
684 3238 885 3320 persequitur
906 3239 1117 3321 fragmentum
1138 3241 1188 3304 28.

373 3344 520 3425 Denique
542 3345 689 3406 seeuntur
711 3340 859 3404 66611666
881 3337 992 3406 ordine
1014 3338 1180 3407 Athenaeo
1209 3341 1274 3408 fido
1300 3347 1428 3410 6661616

289 3467 329 3512 66
350 3447 538 3528 fragmenta,
561 3461 643 3524 6666
665 3440 708 3505 ad
731 3459 826 3506 oenas
842 3447 874 3505 et
896 3442 1045 3506 convivia
1059 3448 1205 3524 speetant
1226 3463 1344 3527 666666
1366 3464 1427 3529 166,

290 3566 372 3628 6666
402 3555 473 3612 66111Ι
501 3543 551 3610 his
580 3541 932 3621 661661661129-45),
955 3542 1129 3608 61Β16611.
1151 3544 1172 3608 l.
1194 3545 1214 3610 l.
1238 3567 1269 3630 p.
1290 3549 1336 3610 16.
1380 3546 1429 3612 Α6

290 3647 427 3729 primum
442 3647 571 3728 quidem
582 3650 729 3716 66661616
748 3643 788 3710 de
807 3663 954 3709 6666166
965 3663 1095 3710 numero
1111 3645 1289 3729 disputatur
1303 3648 1350 3722 (fr.
1363 3646 1428 3730 29),

290 3747 366 3813 dein
394 3746 475 3811 illud
505 3747 673 3831 exponitur
699 3745 859 3812 assedisse
887 3743 1000 3811 heroas
1029 3747 1062 3811 in
1091 3747 1233 3813 uenando
1256 3748 1304 3825 (11.
1322 3749 1375 3827 30)
1398 3755 1429 3815 61

291 3849 453 3929 161616161,
478 3847 564 3930 quod
586 3846 716 3931 quidam
732 3867 821 3913 suam
837 3847 951 3930 661666
966 3867 1109 3914 mensam
1128 3849 1308 3932 appositam
1329 3849 1429 3916 111666

260 3959 265 3970 “
291 3949 458 4016 statuerint
479 3948 526 4024 (11.
544 3952 605 4026 31).
642 3949 749 4014 Finito
772 3949 899 4015 demum
916 3950 1064 4016 convivio
1078 3955 1282 4016 removentur
1299 3969 1429 4016 mensae

289 4050 339 4126 (fr.
356 4051 417 4127 32).
455 4049 559 4116 Ρ6666
580 4055 781 4133 apponuntur
796 4069 868 4116 enm
886 4051 965 4135 ipsis
981 4051 1154 4117 canistellis
1177 4050 1223 4125 (fr.
1241 4052 1303 4134 33),
1326 4052 1429 4119 earnis
