3008 4734
212 317 253 371 De
270 316 439 372 Dioscuridis
456 320 521 390 περὶ
538 319 598 373 τῶν
614 311 683 389 παρ’
695 310 806 389 Ὁμήρῳ
824 311 922 384 νόμον
939 313 1039 372 libello.
1139 312 1199 372 109

32 487 123 553 ἐστὶ
158 486 193 552 δὲ
214 483 234 572 ῆ
256 486 351 565 τάξις
377 490 433 553 καὶ
462 480 546 572 παρ’
567 485 728 572 Αἰσχύλῳ
755 488 822 550 τῶν
850 478 1023 570 ὀνομάτων
1046 481 1080 550 ἰν
1102 482 1154 561 οἷς
1180 479 1198 550 ό

34 579 264 676 Παλαμήδης
285 594 472 676 πεποίηται
494 591 613 674 λόγων·

205 691 261 756 καί
281 689 461 772 ταξιάρχας
482 693 538 756 καί
561 688 767 775 στρατάρχας
787 691 843 755 καὶ
866 687 1106 774 ἑκατοντάρχας

207 789 317 868 ἔταξα.
352 803 444 858 σῖτον
467 784 499 858 δ’
525 791 649 858 εἰδέναι
671 789 814 875 διώρισα

208 888 338 976 άριστα,
362 893 492 975 δεῖπνα,
517 893 628 980 δόρπα
651 887 683 958 δ’
710 893 885 979 αἱρεῖσθαι
906 897 1013 978 τρίτα.
1223 903 1238 953 ο

36 997 107 1080 τῆς
135 993 173 1059 δὲ
190 993 348 1082 τετάρτης
368 1000 496 1082 τροφῆς
519 988 623 1074 οότως
636 987 782 1084 Ὅμηρος
803 997 967 1081 μέμνηται
989 1000 1020 1078 (ρ
1037 997 1126 1073 599)·
1146 989 1200 1060 ‘oti

39 1089 76 1160 δ’
100 1095 198 1180 ἔρχεο
222 1090 434 1183 δειελιήσας,
458 1096 476 1163 ὃ
499 1099 637 1163 καλοῦσι’
658 1120 745 1172 τινες
768 1089 920 1174 δειλινόν,
944 1088 963 1162 ό
986 1092 1056 1162 ἰστι
1078 1093 1201 1180 μεταξὺ

38 1303 109 1381 μέν
128 1297 202 1365 ἐστι
223 1298 260 1365 τό
277 1295 344 1365 όπδ
368 1298 427 1386 τῆν
450 1299 494 1365 ἕω
517 1298 774 1384 λαμβανόμενον,
798 1299 934 1365 δεῖπνον
956 1299 992 1365 δὲ
1014 1296 1052 1366 τό
1075 1320 1202 1386 μεσημ-

39 1399 179 1484 βρινόν,
202 1399 220 1466 ό
244 1397 339 1488 ῆμεῖς
362 1396 507 1486 άριστον,
531 1401 659 1486 δόρπον
681 1400 717 1466 δὲ
737 1398 775 1466 τό
792 1399 979 1485 ἑσπερινόν.
1012 1399 1143 1488 μῆπστε
1166 1399 1202 1466 δὲ
1227 1409 1253 1462 10

40 1503 103 1567 καὶ
131 1516 317 1585 συνωνυμεῖ
337 1499 374 1567 τό
399 1497 535 1588 άριστσν
557 1505 605 1587 τη]
628 1501 764 1586 δείπνῳ.
802 1499 859 1567 ἐπὶ
888 1500 951 1587 γὰρ
973 1505 1032 1590 τῆς
1054 1504 1204 1588 πρωινῆς

44 1629 120 1669 που
148 1607 276 1691 τροφῆς
303 1601 368 1690 όῳη
397 1608 441 1683 (Θ
463 1609 513 1670 53.
530 1607 600 1682 54)·
626 1599 674 1668 ίοἳ
696 1595 728 1667 δ’
755 1597 820 1688 άρα
849 1602 985 1669 δεῖπνον
1008 1601 1120 1668 ἕλοντο

43 1698 121 1770 άπὸ
149 1697 182 1768 δ’
210 1698 309 1770 αὐτοῦ
336 1697 583 1791 θωρῆσσοντο’.
618 1702 702 1788 μετὰ
729 1702 792 1790 γάρ
819 1702 878 1792 τῆν
908 1698 1072 1792 άνατολῆν
1101 1697 1204 1784 εόθύς

45 1804 400 1894 δειπνοποιησάμενοι
423 1811 643 1891 προέρχονται
666 1804 714 1883 εἰς
735 1804 795 1890 τῆν
815 1805 932 1895 μάχην.

138 1909 280 1976 Athen.
303 1909 394 1974 112⁸
417 1906 543 1987 ἰδιάζον
566 1907 653 1974 δὲτὸ
671 1906 765 1994 παρὰ
781 1906 946 1994 Μενελάῳ
969 1905 1095 1993 εἰσάγει
1119 1929 1202 1989 σομ-
1226 1917 1253 1968 1ο

46 2009 190 2075 πόσισν.
225 2008 468 2097 δειπνήσαντας
484 2007 546 2094 γὰρ
562 2023 656 2076 ποιεῖ
671 2005 869 2092 ὁμιλοῦντας
891 2009 923 2088 (δ
938 2011 1009 2088 61)·
1033 2002 1095 2076 εἰτ’
1114 2003 1203 2074 αἰπο-

46 2115 262 2195 νιψαμένσος
283 2124 377 2177 ποιεῖ
399 2109 502 2176 πάλιν
525 2110 742 2187 δειπνοῦντας
763 2113 818 2176 καὶ
843 2109 970 2198 δόρπου
993 2109 1123 2188 ἐξαῦτις
1144 2133 1203 2194 με·

48 2215 241 2300 μνημένοος
262 2212 295 2292 (δ
308 2216 384 2293 215)
404 2209 488 2294 μετὰ
508 2209 566 2277 τόν
588 2209 771 2293 κλαυθμόν.

52 2427 197 2516 άριστσν
219 2424 277 2516 ἅμ’
296 2425 354 2518 ῆοῑ
375 2423 629 2519 φαινομένηῳό.
666 2433 722 2497 καί
744 2428 896 2498 πιθανόν
919 2429 1041 2512 ἐδόκει,
1065 2427 1122 2498 διὰ
1144 2427 1203 2518 τῆν

52 2530 205 2618 ἑωθινὴν
227 2525 317 2619 ὥραν
338 2527 475 2618 άριστσν
497 2525 700 2615 ὠνομάσθαι
720 2531 878 2618 καθάπερ
900 2529 937 2598 τδ
963 2526 1077 2619 αόριον
1099 2534 1166 2600 κτλ.
1226 2546 1255 2596 2⁰

142 2636 282 2703 Athen.
298 2635 327 2702 V
344 2639 425 2701 193²
438 2629 554 2712 όσάκις
570 2633 674 2700 δὲκαὶ
691 2632 819 2722 τροφὰς
834 2633 1027 2719 ἐλάμβανον,
1045 2634 1204 2724 προειρῆ-

51 2760 159 2819 καμεν
174 2729 236 2823 ῆδη
252 2729 305 2802 ότι
328 2733 368 2822 δὴ
391 2748 480 2817 τρεῖς
500 2719 594 2822 ἦσαν.
627 2738 752 2820 γελοῖοι
773 2735 835 2821 γάρ
858 2735 943 2803 εἰσιν
965 2737 998 2804 οἱ
1021 2736 1205 2825 φάσκοντες

52 2829 109 2904 ότι
123 2840 182 2904 καὶ
196 2841 361 2922 τέσσαρας
383 2835 677 2920 ἰλάμβανον,·ἒπεί
699 2834 716 2904 ό
740 2836 882 2926 ποιητῆς
905 2837 968 2926 ἐ’ῳη
991 2843 1022 2924 (ρ
1038 2843 1129 2918 599)·
1149 2835 1204 2906 ‘ori

54 2931 88 3002 δ’
112 2937 207 3024 ἐ’ρχεσ
230 2931 442 3024 δειελιήσας,
467 2931 504 3003 οὗ
528 2940 679 3015 νοοῦντες
700 2932 754 3004 ότι
776 2940 864 3024 λέγει
884 2939 942 3006 τόν
965 2937 1108 3006 δειλινὸν
1131 2940 1205 3006 δια-

53 3045 188 3125 τρίψας
203 3039 332 3126 χρόνον.
369 3031 459 3123 όμως
482 3037 518 3104 δὲ
541 3031 650 3115 οὐδεὶς
678 3037 780 3116 δείξει
802 3037 895 3124 παρὰ
916 3041 965 3124 τῷ
986 3042 1111 3126 ποιητῇ
1132 3045 1205 3124 τρίς
1227 3053 1255 3104 2ο

54 3166 133 3207 τινα
156 3139 367 3225 λαμβάνοντα
387 3137 518 3227 τροφάς
545 3137 602 3206 διά
623 3137 662 3206 τό
684 3137 721 3206 τό
747 3133 827 3206 σότό
855 3164 941 3207 ποτε
968 3139 1028 3224 μὲν
1058 3134 1203 3226 ἄριστον,

55 3243 144 3308 ποτὲ
167 3243 203 3308 δὲ
226 3242 362 3309 δεῖπνον
384 3234 622 3326 ὀνομάζεσθαι.

144 3445 292 3498 Δτσισοιιο
320 3448 418 3512 quq.
445 3443 542 3512 corp.
564 3442 687 3511 perip.:
714 3443 881 3514 Porphyr.
904 3443 940 3500 οδ
959 3447 1042 3510 65³,
1069 3442 1203 3500 scholia

59 3527 125 3583 νεα.
139 3529 240 3582 AetB
256 3527 293 3582 οδ
310 3530 403 3590 Β381,
426 3527 587 3582 Εοτῖοῖῖι.
604 3527 639 3582 οδ
657 3527 708 3582 loc.
726 3530 932 3598 ρ.242,17εησ.

145 3619 178 3668 15
188 3629 247 3682 sqq.
272 3612 504 3666 Aristarchus
520 3612 567 3678 (ί),
593 3611 629 3668 οῖ.
651 3612 841 3666 Δτίεῖσσίο.
865 3612 906 3667 οδ.
925 3611 1055 3668 Οοτοοίλι.
1077 3611 1114 3668 οδ
1130 3617 1147 3670 δ
1162 3617 1204 3678 01,

59 3713 85 3764 p.
99 3702 131 3753 41
150 3702 208 3752 not.
220 3703 244 3752 1.

145 3785 247 3851 zzrqq.
272 3780 493 3836 Aristarchus
510 3779 546 3835 ιδ
563 3785 651 3853 ρ599.

146 3972 180 4022 26
196 3967 288 4022 Verba
303 3961 348 4023 διὰ
366 3987 402 4023 το
414 3961 450 4022 τὸ
463 3957 535 4022 οότό
547 3985 619 4022 ποτε
635 3969 696 4022 κτλ
714 3964 815 4019 mdiu
831 3971 906 4036 pori:
925 3956 970 4024 ότι
989 3971 1021 4040 δη
1038 3977 1115 4042 τρεῖς
1131 3959 1205 4042 ἦσαν

62 4055 95 4118 (v.
108 4057 153 4118 22)
169 4051 340 4121 umpoeuit
355 4049 634 4120 Schweighumm.
