3018 4736
226 327 277 381 De
293 326 460 382 Dioscuridis
478 329 543 400 περὶ
560 330 619 383 τῶν
636 319 710 399 παρ’
724 319 833 400 Ὁμήρῳ
851 316 949 394 νόμων
967 323 1067 380 libello.
1164 319 1225 394 189

56 509 174 571 autern
200 521 304 570 assae
327 507 359 568 et
379 501 447 566 vini
469 520 527 566 sua
549 501 663 582 cuique
679 499 886 565 convivarum
901 497 1099 564 distribuitur
1120 497 1226 579 portio

58 608 108 684 (tr.
128 605 201 688 34),
229 623 325 670 suum
348 603 482 686 quisque
504 600 602 667 habet
623 601 781 684 poculum,
804 600 948 684 pluribus
971 604 1079 664 autem
1101 599 1225 682 poculis

60 715 92 774 et
115 706 285 774 carnibus
312 703 560 788 praestantiores
589 700 783 767 honorantur
805 701 883 784 viri;
913 701 1010 767 otiam
1032 699 1226 785 propinandi

60 809 149 873 inter
181 825 265 874 sese
292 826 412 872 morem
439 808 596 871 noverunt
624 802 738 869 heroes
767 804 815 878 (ir.
832 805 894 881 35).
945 801 1081 870 Omnino
1110 800 1227 867 decore

63 913 199 984 cenant.
252 906 375 985 Quodsi
396 908 429 972 in
451 905 599 989 Odyssea
613 905 726 972 Ulixes
750 910 782 970 et
799 903 943 970 Achilles
966 905 1047 968 inter
1069 922 1140 970 sese
1162 902 1227 970 dis·

64 1015 248 1093 ceptantos
270 1010 469 1088 inducuntur,
499 1007 587 1072 utilis
610 1012 658 1072 est
679 1006 736 1072 illa
758 1007 928 1088 contentio,
957 1011 1061 1071 utrum
1088 1005 1162 1070 dolo
1185 1025 1226 1070 an

65 1131 185 1195 pugna
210 1108 463 1194 expugnandum
485 1110 526 1174 sit
547 1109 641 1173 ilium
663 1096 717 1186 (fr,
729 1110 791 1182 36).
828 1109 866 1173 In
888 1107 968 1192 ipsis
989 1114 1096 1174 autem
1119 1108 1227 1173 convi-

67 1213 132 1278 viis
149 1211 354 1278 adhibentur
369 1209 547 1278 citharoedi
562 1215 594 1274 et
607 1209 774 1276 saltatores
789 1209 838 1286 (fr.
856 1211 1002 1286 37-39).
1037 1210 1106 1274 Iam
1121 1208 1226 1274 facilis
1321 1209 1323 1214 ’

17 1337 18 1364 ³
69 1313 113 1379 ad
136 1313 358 1380 instrumenta
378 1312 501 1378 musica
521 1312 581 1376 fuit
602 1312 751 1377 transitus
775 1311 822 1388 (fr.
839 1309 998 1390 40-42).'
1031 1311 1082 1376 De
1105 1309 1228 1376 cithara

67 1409 239 1481 ‘convivii
253 1405 363 1481 amioa'
389 1421 462 1480 sunt
482 1415 660 1498 fragmenta
674 1416 715 1476 40
731 1419 763 1479 et
777 1417 829 1494 41,
852 1414 947 1478 tibias
962 1418 1070 1478 autem
1088 1417 1120 1478 et
1141 1411 1228 1477 fistu-

71 1517 122 1584 las
145 1537 219 1582 non
242 1517 276 1581 in
298 1517 454 1584 conviviis
476 1514 624 1581 adhibuit
645 1520 749 1597 poeta.
794 1513 929 1580 Omnino
951 1514 1096 1580 barbaris
1119 1513 1229 1578 tribuit

72 1618 175 1686 tibias
203 1619 254 1698 (fr.
277 1621 339 1696 42).
390 1616 495 1683 Simili
523 1617 645 1682 ratione
675 1614 716 1682 de
743 1616 952 1681 barbarorum
978 1623 1010 1680 et
1032 1613 1229 1680 Achivorum

71 1719 215 1788 diuersa
231 1721 354 1788 ratione
368 1725 468 1804 agunt
485 1720 663 1803 fragmenta
678 1720 718 1783 43
734 1723 766 1782 et
781 1722 830 1782 44.
867 1713 1015 1800 Denidue
1030 1717 1134 1783 soluta
1149 1735 1229 1782 cena

72 1822 243 1891 Mercurio
264 1825 367 1892 libant
387 1823 513 1906 linguas
534 1828 696 1904 tamquam
719 1820 821 1886 somni
843 1820 984 1902 praesidi
1006 1819 1054 1898 (fr.
1070 1822 1131 1893 45).

173 2095 336 2176 Quoniam
365 2115 460 2182 super
487 2116 584 2182 opere
613 2095 811 2164 Dioscuridis
841 2118 904 2163 non
938 2100 1007 2166 sine
1040 2098 1142 2166 fructu
1171 2118 1229 2166 nos

80 2198 303 2284 disputavisse
325 2198 528 2282 confidimus,
557 2199 598 2265 de
621 2200 690 2284 ipso
713 2206 843 2267 auctore
865 2201 1108 2284 circumspicere
1131 2221 1229 2267 exre

79 2302 222 2368 uidetur.
257 2299 358 2378 Quem
369 2321 440 2367 oum
450 2301 736 2384 grammaticorum,
754 2302 934 2384 stoicorum,
949 2302 1229 2386 peripateticorum

83 2403 203 2469 scrinia
225 2403 259 2468 in
274 2402 502 2468 conscribendo
527 2423 584 2468 suo
606 2402 688 2468 libro
703 2401 822 2469 adiisse
840 2404 1081 2488 comprobatum
1102 2404 1153 2488 sit,
1176 2406 1230 2470 vel

80 2503 160 2570 inde
183 2504 254 2570 eius
276 2505 390 2570 aetatis
412 2503 522 2570 limine
545 2505 666 2570 vixisse
689 2523 761 2570 eum
783 2505 964 2588 concludas,
993 2525 1057 2588 qua
1078 2525 1141 2572 non
1163 2512 1230 2572 tam

84 2603 124 2672 de
147 2625 208 2672 suo
232 2625 421 2688 componere
449 2607 548 2672 libros
577 2626 673 2690 quam
700 2607 908 2673 vetustiorum
937 2607 1057 2692 scripta
1085 2609 1229 2692 expilare

86 2707 242 2774 solebant.
287 2706 380 2772 Oerte
402 2707 484 2773 inter
498 2705 717 2773 Aristarchum
739 2714 771 2774 et
792 2709 930 2774 Dionem
949 2708 1229 2794 Plutarchumque,

86 2815 241 2888 quantum
263 2806 411 2890 vidimus,
433 2807 493 2872 fuit
514 2808 731 2874 Dioscurides.
775 2809 860 2892 Ergo
882 2831 946 2876 non
967 2817 1073 2892 potest
1096 2813 1231 2894 cogitari

87 2907 127 2972 de
155 2907 333 2991 Isocrateo,
361 2927 425 2973 non
455 2907 497 2973 de
518 2908 704 2992 Pyrrhoneo
731 2907 859 2993 prrio,
889 2912 1032 2976 Timonis
1060 2911 1229 2995 discipulo,

88 3011 178 3076 ouius
213 3010 400 3076 memoriam
429 3007 541 3075 Sotion
569 3011 711 3076 servavit
742 3012 829 3094 apud
861 3013 1024 3078 Laertium
1051 3013 1230 3095 Diogenem

87 3109 135 3174 IX
153 3115 224 3176 114.
242 3114 300 3176 115
314 3113 347 3194 ¹),
369 3131 432 3178 non
454 3110 495 3176 de
511 3111 648 3178 Zenonis
670 3114 861 3180 successoris
877 3112 1049 3197 Chrysippi
1064 3120 1164 3198 patre,
1186 3113 1250 3179 ad·

89 3230 184 3292 quem
211 3217 300 3279 stoae
334 3213 391 3278 ille
419 3211 501 3278 alter
529 3214 678 3296 princeps
710 3215 889 3298 complures
922 3215 1075 3280 librorum
1101 3234 1229 3280 suorum

90 3313 253 3397 scripsit²l
296 3313 393 3398 Apud
413 3313 613 3381 Athenaeum
636 3315 700 3382 duo
723 3317 819 3382 etiam
842 3315 1007 3383 cuiusdam
1028 3315 1229 3383 Dioscuridis

90 3412 164 3477 libri
193 3421 487 3499 commemorantur,
516 3417 551 3482 in
571 3417 592 3482 1.
608 3417 654 3482 IV
667 3439 698 3502 p.
718 3415 837 3484 140¹*tf
857 3413 1036 3502 Λακωνικὴ
1064 3417 1229 3497 πολιτεία,

91 3512 124 3578 in
145 3513 165 3579 l.
181 3513 229 3580 XI
244 3536 275 3600 p.
291 3515 368 3580 507<1
391 3508 730 3603 ἀπομνημονεύματα,
761 3541 840 3604 quos
862 3521 1047 3586 Athenaeus
1069 3521 1139 3603 ipse
1166 3539 1230 3586 non

91 3613 125 3679 iu
151 3617 297 3682 manibus
326 3617 446 3684 habuit.
491 3621 614 3686 Tamen
636 3640 759 3688 summa
787 3621 1012 3705 probabilitate
1035 3622 1067 3688 ei
1095 3620 1137 3688 de
1166 3641 1229 3704 quo

87 3716 214 3798 ,sumus
236 3717 418 3784 Dioscuridi
440 3721 628 3803 tribuuntur,
651 3723 770 3806 quippe
793 3742 887 3805 quem
908 3721 1011 3787 solum
1031 3723 1114 3788 inter
1135 3721 1229 3789 huius

87 3819 204 3884 ‚aetatis
226 3817 288 3884 hoc
302 3821 429 3888 nomine
451 3822 613 3907 praeditos
629 3828 780 3906 quantum
795 3823 976 3906 accepimus
996 3841 1110 3890 revera
1131 3825 1229 3907 scrip-

92 3929 292 3944 ⁵——

177 3989 201 4052 1)
218 3985 259 4042 cl.
278 3986 475 4042 Wachsmuthii
492 3987 672 4057 Sillographos
690 4004 716 4057 p.
736 3992 752 4042 9
769 3987 831 4042 adn.
851 3992 875 4042 5.

176 4073 201 4136 2)
220 4069 262 4126 cf.
280 4069 418 4126 Laertium
435 4071 582 4141 Diogenem
599 4072 651 4128 Vll
670 4077 726 4128 190.
748 4077 805 4128 193.
825 4077 882 4128 198.
904 4076 962 4128 200.
981 4077 1040 4128 202.
