3008 4734
301 283 360 342 122
553 303 556 310 ’
655 299 659 308 ·
744 283 879 343 Robertus
897 284 999 340 Weber
1485 322 1486 400 ρ

300 457 373 524 cula
389 457 505 524 emissa
520 463 568 524 est
583 458 616 522 in
630 458 770 524 Hermae
792 458 856 524 vol.
871 458 969 524 XXII
989 478 1021 541 p.
1035 461 1095 522 323
1107 476 1176 540 sqq.
1199 462 1232 522 et
1246 455 1362 522 eodem
1375 457 1435 523 lere
1485 435 1486 450 ¹

299 567 441 642 tempore
463 560 546 642 Aug.
568 559 704 624 Brunkii
726 559 908 626 dissertatio
930 559 1015 626 foras
1037 559 1129 644 data,
1156 577 1239 642 quae
1261 559 1435 625 inscribitur

298 655 353 728 ‘de
376 663 535 744 excerptis
556 661 636 744 περὶ
650 661 709 724 τοῦ
723 662 789 725 τῶν
804 653 922 744 ἡρώων
936 651 1017 724 καθ’
1030 651 1175 745 Ὅμηρον
1189 663 1265 742 βίου
1288 661 1329 726 ab
1344 659 1435 725 Atho·

300 781 382 828 naeo
411 753 559 829 servatis'
585 760 867 845 (Gryphiswaldae
889 762 991 840 1887).
1035 762 1084 828 Ac
1112 763 1253 828 maxime
1274 761 1436 828 Xaibelius

300 863 458 929 Hillerum
480 865 631 930 refutavit
653 871 685 929 et
706 884 795 930 suam
817 864 997 946 integrioris
1013 862 1171 929 Athenaei
1194 863 1356 947 epitomen
1371 861 1436 928 Sui-

301 965 376 1030 dam
408 965 562 1048 praebere
593 967 769 1032 luculenter
797 964 1036 1032 demonstravit.
1087 967 1210 1031 'lamen
1243 963 1437 1030 Dioscuridis

301 1086 416 1132 nornen
438 1068 570 1150 sprevit,
593 1087 665 1133 cnm
686 1067 727 1134 de
744 1068 905 1133 Isocrateo
927 1087 991 1132 non
1014 1072 1098 1134 esset
1120 1065 1334 1150 cogitandum,
1356 1065 1438 1148 quod

300 1169 342 1234 ab
363 1168 591 1235 Alexandrinis
613 1170 829 1252 grammaticis
851 1167 1015 1234 videretur
1037 1167 1179 1253 pendere
1206 1173 1333 1249 auotor;
1362 1166 1437 1233 duos

300 1271 410 1337 autom
430 1288 555 1335 sumere
569 1270 777 1336 Dioscorides
798 1289 901 1353 aeque
923 1268 1027 1336 videri
1048 1269 1222 1335 absurdum
1243 1275 1340 1350 atque
1361 1267 1438 1334 duos

301 1371 458 1442 Homeros
480 1370 560 1437 duas
577 1371 737 1455 Sapphus.
775 1371 825 1438 De
848 1370 971 1437 duabus
993 1377 1101 1436 autem
1121 1370 1216 1436 rebus
1237 1370 1391 1436 remansit
1411 1370 1439 1434 ei

301 1473 477 1555 scrupulus,
499 1492 575 1537 num
597 1493 711 1540 revera
733 1473 859 1555 Suidas,
882 1473 971 1538 cuius
994 1476 1179 1554 excerptum
1201 1476 1296 1537 antea
1318 1471 1438 1536 abrum-

300 1575 401 1657 pitur,
429 1575 520 1638 illum
543 1573 583 1640 de
606 1576 766 1644 Isocrateo
788 1572 978 1641 Dioscuride
999 1573 1105 1639 locum
1130 1573 1278 1655 legisset,
1307 1578 1342 1638 ut
1369 1571 1440 1638 hinc

301 1675 395 1741 huius
410 1694 527 1741 nomen
542 1678 799 1759 superscriberet.
832 1675 958 1741 Deinde
973 1675 1031 1741 vix
1046 1674 1200 1740 credibile
1222 1675 1253 1740 ei
1275 1673 1440 1740 videbatur
1488 1735 1489 1746 ,

300 1776 432 1843 finxisse
453 1775 588 1846 Suidam
615 1777 699 1845 huno
726 1779 867 1844 titulum:
897 1773 930 1841 ἐν
952 1787 1024 1852 τοῖς
1051 1766 1135 1859 παρ’
1157 1769 1288 1860 Ὁμήρῳ
1317 1767 1439 1856 νόμοις.

296 1879 392 1957 ‘Quae
414 1897 491 1944 sane
512 1884 562 1944 sat
583 1880 691 1961 magni
713 1886 785 1944 sunt
810 1881 970 1946 momenti.
1014 1879 1098 1944 Nam
1125 1897 1208 1967 quae
1235 1877 1323 1960 apud
1345 1877 1439 1943 Athe-

301 2001 415 2046 naeum
436 1981 584 2062 leguntur
599 1999 631 2063 p.
644 1981 697 2044 8⁰⁴:
720 1980 798 2062 περὶ
813 1981 873 2044 τοῦ
886 1981 952 2044 τῶν
968 1973 1084 2064 ἡρώων
1099 1969 1182 2042 καθ’
1199 1968 1346 2063 Ὅμηρον
1367 1981 1448 2060 βίου.

302 2089 334 2148 et
347 2104 379 2166 p.
392 2077 462 2146 24¹³:
479 2077 529 2144 ’ἑτι
543 2081 622 2166 περὶ
636 2082 695 2144 τοῦ
709 2083 775 2145 τῶν
790 2063 907 2168 perdum
921 2085 1007 2165 βίου,
1024 2081 1074 2147 his
1088 2087 1285 2166 repugnante
1300 2079 1439 2146 Brunkio
1489 2159 1490 2170 ρ

301 2186 322 2249 l.
338 2185 359 2248 l.
382 2203 413 2265 p.
429 2187 467 2246 14
489 2183 595 2265 potius
623 2183 790 2250 statuimus
813 2184 925 2250 horum
955 2184 1095 2268 capitum
1117 2188 1337 2272 argumentum
1360 2202 1439 2248 com·
1489 2179 1490 2198 ¹

302 2284 467 2368 prehendi.
516 2284 618 2349 Immo
646 2283 696 2350 his
725 2304 852 2367 quoque
880 2285 1000 2351 Suidae
1027 2285 1134 2350 verbis
1164 2283 1261 2348 fidem
1290 2303 1361 2350 esse
1388 2283 1440 2348 tri·

301 2385 462 2453 buendam
483 2383 742 2452 Wachsmuthius
764 2387 860 2468 plane
881 2387 974 2452 nobis
996 2385 1162 2468 persuasit.
1194 2385 1278 2450 Nam
1300 2385 1334 2449 in
1356 2389 1441 2450 anta

301 2487 439 2551 nominis
453 2485 634 2567 frequentia
647 2487 799 2552 facillime
815 2489 918 2570 potuit
939 2486 1018 2570 fieri,
1041 2492 1075 2550 nt
1089 2485 1296 2552 Dioscurides
1312 2485 1440 2568 quidam
1490 2543 1491 2590 ,

302 2583 342 2650 ἐν.
363 2597 434 2660 τοῖς
465 2578 549 2670 παρ’
578 2579 708 2671 Ὁμήρῳ
738 2583 852 2667 νόμοις
884 2589 1019 2653 alterum
1049 2588 1270 2670 cognominem
1298 2586 1441 2652 laudaret

300 2689 504 2774 Isocrateum.
537 2687 634 2771 Apud
655 2689 838 2754 Fabricium
851 2689 871 2765 ¹)
895 2689 988 2770 enim,
1012 2690 1067 2771 qui
1088 2689 1187 2754 Ionsii
1208 2688 1352 2753 tabulam
1376 2681 1440 2766 (de

299 2789 407 2871 script.
423 2779 606 2872 philosoph.
624 2779 720 2866 hist’)
740 2790 872 2873 recepit,
895 2795 1022 2873 praeter
1037 2789 1259 2854 Anazarbeum
1274 2789 1439 2855 celeberri-

298 2910 384 2955 mum
408 2895 440 2954 et
462 2889 560 2972 duos,
590 2911 670 2974 quos
693 2892 777 2957 tituli
799 2897 970 2974 testantur,
994 2890 1249 2974 quattuordecim
1271 2889 1366 2957 huius
1388 2911 1439 2956 no·

298 2993 393 3056 minis
408 2991 471 3056 viri
493 3011 533 3056 ex
556 2993 670 3058 litteris
686 2991 819 3058 Graecis
842 2999 1074 3058 enumerantur.
1108 2992 1158 3056 De
1180 2991 1314 3058 medicis
1337 2999 1440 3058 antem

298 3092 501 3175 homonymis
513 3071 689 3176 disputarit
703 3094 871 3160 Kuehnius
888 3095 921 3159 in
934 3095 1033 3178 praef.
1050 3094 1224 3171 Dioscur.²)
1240 3099 1271 3158 et
1285 3093 1440 3176 Dbergius

215 3195 218 3202 '
295 3187 351 3259 ‘de
381 3193 496 3258 Galeri
527 3215 640 3260 vocum
668 3195 922 3278 Hippocratiear.
952 3184 1163 3278 glossario'ssl.
1220 3193 1282 3260 Hic
1315 3214 1439 3278 quoque

298 3297 418 3361 factum
440 3301 497 3377 est,
520 3301 555 3360 ut
576 3298 658 3360 alter
672 3297 807 3360 alterum
829 3297 1050 3379 compilaverit
1064 3295 1289 3361 Dioscuridem
1312 3299 1363 3375 (of.
1379 3296 1438 3362 Ga·

215 3475 220 3488 ⁸
298 3399 364 3463 leni
386 3397 481 3462 lexic.
497 3395 650 3478 Hippocr.
667 3396 747 3461 XIX
769 3418 801 3480 p.
818 3401 858 3461 64
874 3399 926 3474 X.)
950 3395 1127 3479 eodemque
1151 3397 1265 3478 spiritu
1286 3397 1328 3462 de
1349 3399 1438 3463 tertio

300 3498 438 3580 quodam
451 3495 641 3563 Dioscuride
657 3517 761 3564 sermo
774 3504 822 3564 est
837 3499 907 3581 ipso
919 3517 1046 3580 quoque
1061 3499 1215 3581 scriptore
1227 3499 1277 3577 (cl.
1289 3520 1320 3582 p.
1330 3501 1437 3575 63X.).

300 3601 374 3665 Alia
395 3605 502 3665 autem
525 3605 573 3665 est
594 3599 675 3664 ratio
698 3597 792 3664 huius
815 3599 1029 3682 Dioscuridis,
1059 3599 1114 3682 qui
1142 3598 1273 3665 heroum
1296 3600 1438 3667 Homeri·

386 3769 412 3828 1)
429 3764 460 3817 In
478 3763 543 3817 bibl.
563 3764 658 3818 Graec.
676 3765 727 3818 vol.
739 3765 778 3819 IV
795 3782 822 3833 p.
833 3766 925 3833 675,Πὸ
944 3764 984 3818 od.
1003 3763 1079 3818 Harl.

386 3851 411 3912 2)
429 3848 461 3901 In
478 3845 551 3902 Med.
570 3847 616 3902 Gr.
634 3848 685 3903 vol.
698 3847 776 3903 XXV
792 3863 819 3916 p.
829 3863 890 3902 vm.
903 3864 943 3904 rx.

387 3936 412 3998 3)
429 3931 462 3985 In
475 3924 664 3987 ‘commentat
681 3932 808 4001 philolog.
828 3933 924 4000 quibus
943 3933 1035 3988 Ottoni
1052 3932 1202 3988 Ribbeckio
1221 3934 1438 4001 congratulantur

302 4017 396 4085 discip.
415 4009 557 4090 Lipsiens'
574 4031 601 4084 p.
615 4019 672 4070 345.
