3018 4736
243 319 283 374 De
300 318 467 374 Dioscuridis
486 322 550 392 περὶ
569 313 626 374 τῶν
644 311 711 391 παρ’
724 312 833 390 Ὁμήρῳ
851 312 949 385 νόμων
966 315 1065 373 libello.
1164 315 1222 374 171

72 494 150 559 telis
177 493 307 558 nomine
329 491 481 573 feruntur,
504 490 626 572 largam
650 491 680 555 ei
702 491 887 574 praebuisse
903 490 1068 555 materiam
1083 489 1229 555 animad-

73 595 189 660 vertit.
229 595 311 660 Dein
327 590 524 658 Schraderus
548 593 579 668 (l.
596 592 616 656 l.
633 611 663 674 p.
681 594 741 656 376
760 597 791 657 et
805 593 879 669 426)
903 599 935 656 et
957 590 1168 674 Porphyrium
1193 593 1227 656 iu

74 697 250 761 zetematis
277 694 456 760 Homericis
485 699 517 758 et
545 693 750 759 Plutarchum
779 694 812 758 in
845 683 1056 777 symposiacis'
1085 693 1228 775 corporis

73 798 167 864 illius
199 798 392 863 solutionum
420 795 660 860 Homericarum
686 795 888 879 peripatetici
917 795 1027 877 copias
1056 794 1228 878 diripuisse
1296 855 1298 858 .

74 899 314 982 comprobavit.
352 898 495 981 Bappius
511 916 636 979 quoque
659 897 712 971 (de
728 897 804 962 font.
820 897 934 978 quibus
949 894 1064 960 Athen.
1080 896 1113 960 in
1132 897 1227 962 rebus

74 1001 214 1066 musicis
229 1001 401 1083 lyricisque
418 997 602 1064 enarrandis
618 1018 693 1064 usus
716 999 766 1080 sit,
789 999 822 1062 in
838 997 920 1064 stud.
935 996 1020 1080 Lips.
1037 997 1112 1062 Vlll
1129 1018 1159 1081 p.
1174 999 1227 1075 97)

75 1102 190 1168 eidem
214 1103 292 1168 fonti
314 1102 382 1166 iure
405 1101 526 1183 tribuit,
557 1119 639 1182 quae
660 1099 700 1165 de
723 1098 847 1183 Pylade
870 1106 902 1165 et
924 1098 1075 1182 Bathyllo
1098 1100 1227 1165 saltato-

18 1213 19 1216 ’
75 1204 168 1270 ribus
194 1202 309 1268 iisdem
331 1204 397 1268 fere
420 1203 526 1268 verbis
550 1200 738 1267 Plutarchus
761 1202 893 1284 (quaest.
918 1201 1043 1266 conviv.
1068 1201 1127 1266 Vll
1143 1202 1228 1279 8111)

18 1381 19 1404 ,
76 1311 106 1370 et
123 1303 315 1370 Athenaeus
331 1305 358 1382 tl
373 1324 403 1386 p.
421 1300 506 1380 20³0)
528 1302 674 1386 produnt.
713 1300 814 1379 Quem
830 1302 1000 1368 Seleucum
1016 1302 1137 1368 Tiberii
1154 1322 1228 1368 con-

18 1445 19 1456 .
77 1393 192 1471 viv‘am
206 1425 276 1471 esse
292 1405 377 1471 idem
392 1425 493 1490 nuper
505 1404 602 1470 evicit
616 1404 649 1468 in
661 1410 861 1469 commentat.
876 1403 1030 1470 Ribbeck.
1043 1423 1074 1487 p.
1088 1405 1227 1486 258sqq.

18 1559 19 1566 .
76 1506 208 1585 Quodsi
230 1508 263 1572 in
286 1508 365 1591 ipsis
388 1506 544 1573 conviviis
568 1504 660 1571 huius
683 1507 797 1570 aetatis
820 1506 884 1569 viri
911 1506 996 1570 docti
1019 1506 1065 1569 ita
1086 1505 1226 1588 colloqui

77 1609 239 1691 solebant,
262 1615 297 1674 ut
319 1609 410 1691 quasi
432 1609 652 1692 gloriarentur,
676 1613 827 1688 quantum
842 1625 884 1672 ax
898 1606 1074 1672 litterarum
1090 1607 1227 1672 lectione

77 1712 311 1794 meminissent,
335 1711 569 1794 quantomagis
593 1708 654 1774 hoc
675 1710 795 1774 iactum
811 1728 881 1775 esse
899 1709 1081 1792 putabimus
1104 1709 1136 1772 in
1153 1727 1227 1774 con-

78 1813 261 1880 scribendis
289 1814 359 1879 istis
382 1813 492 1895 rebus,
523 1832 602 1896 quas
630 1813 764 1877 fortasse
792 1813 962 1894 tetigerant
983 1813 1016 1876 in
1042 1812 1106 1876 illis
1129 1808 1227 1876 collo·

79 1916 191 1996 quiis?
229 1915 330 1980 Immo
354 1934 430 1980 vero
453 1915 517 1978 late
541 1914 636 1978 etiam
659 1915 800 1996 patuisse
822 1913 856 1976 in
879 1911 928 1977 his
951 1913 1040 1978 libris
1062 1911 1228 1978 Plutarchi

79 2014 225 2098 fingendi
240 2022 272 2081 et
287 2015 463 2082 exornandi
485 2021 586 2080 artem
602 2020 634 2079 et
655 2015 688 2078 iu
703 2013 847 2098 personis
863 2013 1000 2079 inductis
1023 2020 1054 2079 et
1077 2015 1108 2078 in
1131 2015 1227 2080 rebus

80 2119 236 2202 tractatis,
252 2124 364 2183 utnon
380 2137 451 2182 raro
467 2135 629 2182 sermones
644 2118 779 2181 veritate
795 2117 921 2180 omnino
933 2135 997 2180 non
1013 2113 1139 2181 habitos
1155 2135 1226 2181 esse

80 2219 276 2286 censendum
304 2219 361 2300 sit,
385 2219 437 2284 vel
466 2217 540 2284 hinc
570 2217 708 2284 conicias
738 2217 822 2299 quod
852 2217 926 2281 inde
949 2237 969 2282 a
991 2215 1226 2282 Socraticorum

80 2322 279 2405 temporibus
308 2321 470 2404 peculiare
500 2326 568 2384 erat
589 2320 764 2383 litterarum
792 2338 891 2401 genus
912 2306 1166 2399 conviviorum,
1193 2317 1227 2381 in

80 2423 198 2503 quibus
222 2423 392 2505 omnigena
420 2421 564 2488 doctrina
593 2421 717 2486 solebat
745 2421 894 2484 enarrari.
937 2417 1095 2484 Athenaei
1125 2423 1226 2483 totum

81 2522 396 2608 dipnoscphistarum
418 2523 525 2590 fictum
548 2523 730 2589 convivium
752 2540 953 2606 nuncupasse
975 2521 1051 2586 satis
1075 2525 1132 2586 est.

167 2625 248 2692 Cum
271 2624 435 2692 Plutarchi
457 2625 655 2708 problemate
677 2626 697 2689 l.
715 2624 775 2688 Vll
796 2643 896 2690 nono:
923 2617 976 2688 ὅτι
1002 2618 1227 2704 βουλεύεσθαι

82 2724 176 2813 παρὰ
200 2725 305 2791 πότον
328 2718 385 2807 οὐχ
406 2718 505 2812 ἦττον
526 2750 566 2811 ην
577 2720 761 2810 Ἑλληνικὸν
782 2713 982 2808 ἢΠερσικόν
1005 2725 1055 2803 (of.
1073 2724 1226 2790 Herodot.

81 2829 197 2913 1133),
220 2829 256 2894 id
278 2828 364 2911 quod
386 2828 635 2911 Agamemnonis
657 2828 690 2890 in
712 2827 814 2904 Iliade
830 2827 986 2892 conviviis
1002 2827 1228 2910 comprobatur

83 2949 233 2998 versuum
255 2933 294 2993 H
312 2932 372 2994 324
396 2932 415 2990 Ι
428 2931 479 2994 93.
501 2931 550 2992 70.
568 2932 608 2991 74
631 2928 724 3011 copia
746 2927 889 3020 laudata,
915 2928 1011 3010 plane
1034 2928 1227 2992 conveniunt
1338 2957 1340 2960 ·

83 3032 243 3100 Athenaei
265 3033 297 3096 in
320 3032 340 3096 l.
358 3031 385 3096 V
400 3050 427 3096 c.
446 3032 483 3093 19
508 3028 587 3096 haec
605 3030 719 3096 verba:
744 3025 776 3091 ἐν
799 3024 899 3109 ἐνίοις
922 3025 1034 3092 δὲκαὶ
1055 3029 1122 3092 τῶν
1137 3033 1227 3113 Περ-

84 3137 184 3199 σικῶν
208 3135 404 3216 συμποσίων
434 3128 578 3215 ἐγίνοντό
607 3153 693 3206 τινες
720 3130 776 3194 καὶ
797 3128 916 3210 βουλαὶ
942 3127 1099 3214 καθάπερ
1123 3128 1156 3193 ἐν
1177 3131 1226 3213 τῷ

83 3237 140 3299 τοῦ
159 3227 406 3319 Ἀγαμέμνονος
428 3229 511 3297 κατὰ
535 3236 720 3318 στρατείαν.
760 3231 826 3298 Sed
848 3231 941 3298 buius
964 3231 1078 3316 capitis
1100 3233 1226 3298 initium

84 3335 219 3404 Seleuco
242 3336 353 3403 deberi
376 3356 432 3402 suo
455 3337 523 3403 iure
539 3337 681 3422 Bappius
697 3333 918 3418 comprobavit
932 3334 964 3410 (l.
981 3334 1001 3398 l.
1017 3353 1049 3416 p.
1066 3334 1149 3415 265),
1173 3334 1225 3398 cui

84 3435 164 3505 haec
186 3439 355 3505 tribuenda
376 3458 446 3505 esse
468 3459 526 3506 nos
542 3456 668 3522 quoque
690 3442 850 3520 putamus,
874 3435 993 3519 qnippe
1016 3455 1099 3518 quae
1121 3436 1226 3518 magis

84 3536 219 3606 Seleuco
243 3539 321 3619 περὶ
345 3531 489 3625 ἀρχαίων
512 3541 708 3620 συμποσίων
730 3537 903 3621 disputanti
919 3537 1072 3620 adaptata
1094 3537 1225 3602 videan-

17 3695 18 3712 .
85 3645 133 3706 tur
156 3662 252 3725 quam
275 3641 474 3708 Dioscuridis
501 3641 626 3706 rationi.
670 3638 876 3704 Plutarchum
898 3644 1003 3703 autem
1026 3659 1046 3703 a
1068 3637 1225 3704 Seleuceo

17 3803 18 3806 ,
85 3739 139 3808 ille
163 3763 259 3828 opere
281 3743 423 3826 pendere
444 3762 507 3808 non
529 3741 704 3821 miraberis,
728 3759 798 3806 cum
820 3741 853 3804 in
875 3738 1076 3804 antecedenti
1098 3759 1226 3823 quoque

86 3846 270 3922 quaestione
299 3845 371 3922 (Vll
393 3846 412 3908 8
433 3845 484 3920 111)
516 3842 591 3908 inde
626 3862 698 3907 eum
730 3841 889 3924 quaedam
921 3842 1094 3925 sumpsisse
1128 3841 1224 3907 modo

88 3952 365 4012 commemoratum
380 3945 430 4012 sit.
459 3945 582 4010 Tamen
599 3943 797 4008 Dioscuridis
812 3942 845 4004 in
860 3939 953 4007 huius
965 3941 1122 4009 Athenaei
1138 3943 1225 4025 capi·

17 4071 18 4114 ι
87 4044 127 4112 tis
148 4049 239 4115 initio
261 4054 334 4115 sunt
355 4045 448 4113 haec:
473 4044 505 4111 οἱ
528 4049 597 4110 νέοι
611 4046 677 4108 τῶν
693 4041 877 4126 ἐλευθέρων
893 4034 1056 4126 ᾠνοχόουν
1071 4037 1149 4119 a‘co‘
1166 4045 1226 4108 τοῦ
