3018 4736
222 309 263 364 De
280 308 447 366 Dioscuridis
466 309 608 380 περὶτῶν
625 301 693 378 παρ’
707 301 815 384 Ὁμήρῳ
833 303 931 377 νόμων
948 305 1047 362 libello.
1144 307 1202 366 141

59 482 139 548 lieet
163 501 315 566 separare
336 483 442 550 Ulixis
466 482 647 566 exemplum
669 481 754 566 quod
776 483 927 566 sequitur,
955 481 1010 564 qui
1033 484 1205 566 0321sqq.

60 602 94 648 re
117 603 201 650 vera
222 583 263 650 de
286 604 321 652 se
343 585 512 668 gloriatur:

220 683 423 771 δρηστοσύνῃ
446 677 504 749 οὐκ
526 679 566 750 ἄν
587 709 646 768 μοι
669 683 810 771 ἐρίσσειε
831 680 952 770 βροτὸς
974 677 1074 760 ἄλλος

218 789 286 872 πῦρ
308 780 341 850 τ’
367 771 402 852 ed
424 789 545 874 νηῆσαι
567 786 623 854 διά
645 811 681 854 τε
704 784 784 864 ξύλα
806 783 890 852 δανὰ
911 784 1049 852 κεάσσαι

219 886 413 975 δαιτρεῦσαί
433 912 470 954 τε
491 889 547 954 καὶ
568 881 717 976 ὀπτῆσαι
738 891 793 956 καὶ
815 886 1007 975 οἰνοχοῆσαι

219 987 275 1054 οἷά
297 1014 334 1055 τε
354 1003 425 1068 τοῖς
446 984 607 1076 ἀγαθοῖσι
628 987 856 1072 παραδρώωσι
875 994 1002 1078 χέρηες,

63 1111 102 1156 ex
117 1093 238 1174 quibus
253 1094 399 1160 versibus
422 1100 456 1159 ut
473 1112 630 1178 persaepe
644 1092 732 1177 apud
746 1091 946 1159 Athenaeum
962 1094 1206 1178 epitomatorem

64 1193 161 1278 culpa
184 1195 318 1262 frustula
339 1201 460 1262 mutum
478 1201 599 1262 restare
615 1195 726 1261 elucet
760 1196 841 1260 'lum
862 1196 956 1279 plura
978 1201 1084 1262 essent
1104 1215 1206 1262 reme-

62 1297 183 1362 renda.
218 1297 333 1364 Fuisse
354 1304 460 1364 tamen
481 1296 568 1382 apud
590 1295 811 1363 Dioscuridem
833 1296 914 1365 haec
936 1299 1086 1382 exempla
1107 1296 1207 1384 Ohry·

64 1399 200 1482 sippeae
217 1389 470 1474 αὗτοδιοκονίος
486 1399 663 1466 rectissime
677 1398 837 1466 Brunkius
852 1400 1079 1468 animadvertit
1092 1405 1134 1486 (p.
1146 1405 1207 1486 10),

67 1500 153 1582 quod
183 1499 233 1567 his
256 1521 298 1567 ex
320 1522 407 1568 more
429 1502 528 1569 nostri
551 1501 591 1567 de
614 1520 676 1584 quo
699 1499 932 1584 disputavimus
959 1505 1050 1586 quasi
1078 1524 1206 1588 respon-

66 1603 141 1668 dent
165 1603 266 1670 verba
287 1623 370 1686 quae
392 1604 574 1687 praeterunt
595 1623 626 1686 p
642 1597 716 1666 17¹³:
743 1601 936 1678 πολυτελεῖς
958 1595 991 1667 δ
1019 1596 1207 1681 adcelerari

67 1726 97 1766 οι
127 1701 388 1787 διακονούμενοι.
432 1706 589 1772 Nimirum
614 1705 766 1788 verbap.
784 1707 857 1769 18:
891 1701 924 1780 ἐς
951 1701 989 1770 τὸ
1012 1709 1144 1790 πρέπον
1173 1707 1208 1772 δὲ

59 1797 248 1892 ‘anpog'
230 1808 368 1893 αφοριῦν
389 1804 467 1883 τοὺς
487 1801 598 1892 ἥρωας
621 1829 658 1870 ου
681 1802 870 1891 παρήγαγεν
894 1803 974 1872 ἄλλο
997 1830 1031 1874 τι
1053 1807 1207 1892 δαινυμέ-

68 1930 142 1984 νους
162 1933 183 1994 η
167 1896 286 1993 κρέα
313 1911 386 1976 ab
377 1929 447 1994 rpso
469 1908 637 1975 Athenaeo
665 1910 885 1976 consarcinata
906 1909 1055 1977 videntur
1083 1913 1208 1979 collatis

68 2011 226 2094 capitibus
247 2012 365 2076 l.115.
383 2015 432 2076 45.
450 2014 500 2076 46.
535 2011 629 2078 Nova
651 2010 841 2078 inducuntur
855 2011 921 2079 his:
943 2012 998 2076 καὶ
1013 2014 1117 2077 τοῦτο
1132 2010 1209 2078 ἑαυ-

68 2123 139 2186 τοῖς
160 2109 386 2190 σκευάζοντας,
409 2119 444 2179 ut
465 2113 539 2178 hino
554 2111 727 2197 Chrysippi
746 2113 923 2180 doctrinam
938 2115 1080 2198 incipere
1094 2116 1207 2180 merito

71 2219 224 2296 putemus.
275 2215 367 2281 Bona
393 2215 519 2280 somena
547 2214 660 2280 eadem
688 2214 793 2281 Ulixis
821 2215 956 2281 AehiUis
986 2217 1134 2300 exempla
1162 2216 1208 2281 in·

74 2317 204 2399 tegriore
227 2317 332 2384 forma
353 2317 494 2383 servavit
509 2315 661 2382 Aelianus
684 2315 717 2379 in
731 2335 798 2381 var.
815 2313 887 2381 hist.
900 2315 961 2380 VH
976 2320 994 2380 5
1015 2316 1065 2393 (fr.
1078 2319 1097 2380 9
1113 2337 1145 2401 p.
1157 2319 1208 2400 94,

72 2420 198 2502 19sqq.)
213 2419 329 2502 quibus
342 2418 478 2485 Laertae
492 2437 619 2502 quoque
633 2415 771 2498 additur,
792 2435 886 2500 quem
901 2437 959 2484 sua
973 2438 1069 2484 mauu
1084 2416 1208 2484 hortum

71 2519 225 2586 colentem
248 2519 495 2604 deprehenderit
516 2519 609 2586 filius.
652 2519 725 2584 Iure
747 2516 798 2586 his
819 2519 977 2603 integrum
999 2519 1208 2606 Athenaeum,

69 2628 238 2706 antequam
255 2623 452 2704 grammatici
467 2621 560 2688 huius
576 2642 654 2706 opes
665 2621 900 2705 discerpserint,
915 2622 956 2687 ab
967 2621 1102 2688 Aeliano
1117 2624 1209 2691 nobis

70 2723 160 2790 reddi
190 2723 399 2790 censebimus.
444 2722 643 2806 Quamquam
664 2724 692 2789 si
714 2741 912 2790 communem
933 2724 1052 2789 fontem
1076 2723 1156 2791 haec
1178 2731 1211 2792 et

70 2824 236 2894 Athenaeo
252 2831 284 2892 et
299 2825 434 2891 Aeliano
451 2824 674 2909 suppeditasse
695 2825 806 2907 males,
829 2824 898 2890 sive
919 2825 980 2890 fuit
994 2824 1208 2910 Dioscorides,

70 2929 136 2994 sive
159 2929 231 3010 ipse
253 2925 467 3010 Chrysippus,
495 2945 558 2991 non
579 2945 747 3010 pessumus
768 2926 939 3008 refragari,
968 2926 1074 3007 quoad
1096 2929 1128 2992 in
1150 2926 1209 2994 has

70 3029 200 3110 quidem
222 3047 274 3094 res
295 3027 473 3094 accuratius
494 3027 611 3110 aliquis
633 3027 812 3110 inquisierit
833 3025 874 3092 de
896 3026 1020 3109 integro
1042 3026 1208 3095 Athenaeo

71 3132 152 3198 curis
175 3130 317 3196 Kaihelii
338 3148 421 3195 nuno
442 3127 582 3194 edoctus.

153 3234 218 3299 Dio
239 3251 366 3316 quoque
381 3229 625 3314 (lhrysostomus
646 3228 755 3297 rhetor
776 3231 809 3295 iu
831 3229 974 3296 oratioue
989 3228 1105 3311 LXXI,
1127 3248 1209 3312 quae

71 3335 149 3417 περὶ
173 3331 363 3420 φιλοσόφου
391 3332 503 3400 habita
524 3339 589 3416 est,
619 3331 702 3399 hauc
725 3330 958 3416 Chrysippeam
986 3332 1140 3398 rationem
1168 3331 1210 3397 de

71 3436 177 3504 Ulixis
192 3455 331 3521 persona
343 3442 527 3520 persecutus
543 3442 599 3502 est.
629 3435 666 3500 In
681 3454 745 3519 qua
759 3435 902 3500 oratione
913 3433 1089 3516 disputavit
1102 3432 1210 3500 rhetor

73 3546 183 3606 eontra
205 3539 375 3604 stoicorum
398 3537 480 3602 illud
507 3537 674 3622 placitum:
699 3529 783 3600 ‘dese
804 3532 916 3600 πάντα
942 3530 976 3598 ἐν
997 3534 1102 3598 πᾶσιν
1124 3528 1211 3600 εἶναι

74 3636 229 3726 περιττὸν
258 3635 317 3703 τὸν
345 3629 558 3724 φιλόσοφον,
592 3639 682 3706 euius
711 3638 838 3721 generis
866 3636 964 3702 fuisse
991 3635 1145 3720 Hippiam
1178 3643 1211 3704 et

74 3743 203 3809 Ulixem
218 3741 430 3808 Homericum.
464 3739 612 3818 Quaado
628 3739 724 3807 Ulixe
746 3739 916 3822 omnigena
937 3737 1119 3820 eloquentia
1141 3759 1209 3804 eru-

76 3844 142 3910 dito
158 3849 351 3924 enarrentur,
369 3843 473 3908 redire
487 3841 531 3908 ad
544 3839 742 3908 Antisthenis
756 3839 1047 3923 interpretationem
1063 3840 1210 3906 vocabuli

75 3937 287 4028 πολύτροπος
317 3945 467 4009 Emestus
489 3943 607 4008 Weber
632 3935 687 4007 ‘de
708 3942 814 4007 Dione
835 3940 1061 4026 chrysostomo
1084 3941 1210 4026 cynico·

75 4069 144 4113 rum
159 4038 327 4114 sectatore'
343 4039 451 4123 (stud.
468 4035 563 4128 Lips’
578 4045 609 4109 X
624 4065 656 4128 p.
668 4045 742 4122 228)
758 4044 978 4129 comprobavit
992 4046 1045 4124 (ef.
1061 4045 1210 4110 Duemm-
