3018 4736
244 313 285 368 Dc
300 297 470 370 Dioscuridis
487 316 553 384 περὶ
570 317 629 370 τοῖν
646 307 714 387 παρ’
727 307 836 390 Ὁμήρῳ
853 310 951 384 νόμων
967 315 1066 372 libello.
1167 317 1225 376 181

84 480 163 578 scari
188 476 277 568 ipyu’
303 487 439 564 (3319).
476 483 566 563 Quae
589 486 739 570 exempla
759 487 983 556 Dioscuridem
1005 507 1046 556 ex
1068 489 1230 572 perIpate·

86 587 137 652 tici
160 587 271 671 operis
298 586 420 653 divitiis
442 593 618 654 mutuatum
645 607 716 655 esse
738 595 851 674 sponte
873 595 1023 674 apparet,
1052 592 1174 675 quippe
1195 593 1229 658 in

85 707 144 770 quo
160 688 344 755 Demodoci
359 694 486 754 cantum
509 689 674 756 defensum
694 690 793 758 tuisse
808 711 904 776 supra
918 711 949 776 p.
969 697 1027 756 155
1043 689 1228 760 viderimus.

86 789 239 854 Attamen
261 790 358 855 etiam
379 788 464 854 duae
478 810 594 857 causae
609 788 684 857 huic
697 792 746 858 rei
761 790 1018 876 comprobandae
1033 800 1227 879 succurrunt,

86 890 266 973 exquibus
288 891 334 956 ibi
355 889 437 957 haec
458 890 693 974 quodammodo
715 893 779 958 iarn
801 895 970 961 coniuncta
993 895 1093 962 fuisse
1113 896 1229 980 proba·

86 991 147 1058 bile
170 990 311 1058 videtur.
347 991 441 1060 Plato
463 993 548 1060 enirn
569 992 611 1068 de
632 994 769 1076 republ.
785 993 879 1078 lle.
896 993 990 1060 390¹³⁰
1013 995 1126 1062 herum
1147 998 1228 1064 vitn-

86 1099 214 1176 perator
237 1094 368 1174 exstitit,
391 1092 485 1160 etde
508 1093 728 1178 Cephisodoro
749 1096 911 1162 Isocrateo
933 1095 1014 1163 haec
1042 1103 1115 1164 sunt
1141 1097 1230 1182 apud

86 1192 419 1279 sthen.111p.1ss¹’:
447 1191 691 1282 Κηφισόδωρος
716 1196 793 1279 γοῦν
821 1189 839 1259 ὃ
858 1187 1063 1282 Ισοκράτοος
1089 1199 1149 1264 τοῦ
1171 1197 1229 1314 ξη-

87 1319 182 1381 τορος
205 1293 400 1417 μαθητὴςέ
402 1299 481 1381 ντῷ
502 1301 604 1381 τρίτῳ
626 1297 691 1361 τῶν
713 1293 800 1381 πρὸς
818 1289 1051 1383 Ἀριστοτέλην
1074 1289 1195 1383 tiyss⁰
1176 1323 1230 1366 οτι

88 1393 176 1483 ου’ροι
203 1420 257 1474 τις
279 1421 320 1462 αν
341 1392 407 1463 ὗντὸ
430 1399 496 1464 τῶν
520 1391 628 1462 ἄλλων
650 1399 800 1484 ποιητῶν
828 1422 847 1483 η
876 1399 930 1464 καὶ
961 1401 1130 1486 σοφιστῶν
1153 1423 1188 1466 εν
1209 1425 1229 1486 η

89 1496 143 1564 δύο
165 1497 637 1620 γοῦνπονηριῦςεῖρημέναμι
620 1495 782 1584 οἷονταρὰ
803 1497 864 1581 μὲν
875 1491 1109 1628 Ἀρχιλόχηι,Η
1123 1504 1229 1587 aliis,

86 1594 216 1689 Ὁμήρῳ
249 1599 349 1665 δὲ
314 1626 351 1667 το
374 1598 433 1687 τὴν
447 1597 555 1686 Ἥραν
578 1597 815 1680 ἐπιβουλεῦσαι
842 1624 888 1686 τῳ
911 1603 972 1667 Διὶ
993 1604 1049 1668 καὶ
1070 1600 1128 1669 τὸν
1143 1596 1229 1691 ’Ἀρη

88 1701 261 1784 μοιχεύειν.
304 1693 359 1788 ἐφ’
385 1699 436 1778 οῖς
457 1699 581 1779 πάντες
602 1703 837 1788 κατηγοροῦσιν
861 1695 978 1769 αὐτῶν.

175 1807 216 1872 In
245 1804 360 1873 eodem
380 1805 445 1870 XII
470 1805 552 1872 libro
580 1805 751 1888 septimum
779 1824 905 1889 quoque
933 1812 1030 1890 caput
1058 1807 1231 1873 maximam

89 1913 211 1989 partem
239 1907 457 1973 Naucratitam
485 1907 526 1972 ab
552 1906 744 1974 Dioscuride
770 1908 926 1974 lucratum
953 1927 1024 1974 esse
1053 1909 1230 1975 statuimus.

90 2007 320 2093 Voluptnosam
341 2008 427 2074 enim
445 2007 544 2073 vitam
566 2009 696 2075 novisse
718 2015 750 2075 et
772 2008 980 2093 descripsisse
995 2009 1168 2076 Homerum
1190 2029 1232 2076 ex

91 2110 194 2191 operis
223 2110 347 2175 ratione
369 2109 402 2173 in
423 2109 445 2174 l.
464 2109 480 2173 I
500 2130 532 2193 p.
550 2106 605 2173 16⁶
626 2107 677 2176 hIs
698 2109 906 2176 Dioscorides
935 2111 1155 2193 comprobavit
1180 2111 1229 2188 (fr.

93 2210 129 2272 18
147 2231 179 2294 p.
199 2215 271 2294 100,
287 2213 398 2289 6—8):
422 2201 668 2285 duodecennis
690 2207 727 2274 δέ
749 2207 820 2276 ἔστι
834 2203 919 2296 παρ’
939 2203 1028 2295 αὐτῷ
1049 2211 1105 2276 καὶ
1127 2204 1144 2275 ὁ
1164 2212 1230 2276 τών

94 2310 250 2378 Φαιάκων
268 2309 362 2396 βίος·
388 2305 470 2377 εαἰεὶ
490 2307 553 2396 γὰρ
574 2304 653 2396 ἡμῖν
683 2309 757 2388 δαίς
778 2335 815 2376 τε
837 2312 917 2399 φίλη
940 2315 1077 2397 κίθαρίς
1101 2303 1151 2376 τιν’
1176 2312 1232 2376 καὶ

91 2410 129 2477 τὰ
152 2411 228 2500 ἑξῆς
251 2417 290 2491 (θ
304 2417 366 2479 248
379 2416 476 2498 squ),
504 2418 578 2498 post
600 2432 682 2495 quae
704 2414 804 2480 verba
824 2415 894 2481 iure
915 2414 1084 2480 Xaibelius
1107 2413 1231 2480 deside·

92 2518 173 2584 ravit
193 2517 302 2586 Ulixis
323 2517 517 2582 mentionem
539 2521 572 2582 et
593 2533 742 2582 versuum
765 2540 778 2580 ι
799 2520 900 2600 5sqq.
923 2517 1088 2600 vulgatam
1112 2535 1230 2582 memo-

92 2618 185 2702 riam,
208 2623 245 2684 ut
266 2619 313 2684 sic
334 2617 462 2683 demum
483 2617 701 2686 Eratosthenis
723 2618 905 2684 coniectura
925 2618 1065 2702 potuerit
1085 2619 1228 2702 proterii.

93 2718 290 2805 Ampliorem
311 2726 419 2785 autem
447 2719 489 2784 de
511 2718 623 2784 horum
644 2739 792 2786 versuum
815 2744 828 2784 t
849 2725 949 2803 5sqq.
971 2721 1231 2804 interpretatione

95 2818 340 2906 disputationem
362 2819 507 2904 sophista
527 2822 678 2904 proponit
698 2821 732 2884 in
753 2822 774 2884 l.
790 2820 854 2884 XII
869 2841 895 2886 c.
913 2825 930 2885 7
955 2821 1004 2898 (ir.
1022 2823 1061 2885 18
1076 2843 1107 2904 p.
1125 2823 1195 2903 100,
1211 2825 1230 2886 9

93 2925 184 3008 —18,
206 2944 238 3008 p.
256 2926 327 3005 101,
344 2925 447 3004 1-7),
470 2941 566 3004 quam
588 2941 659 2988 oum
680 2921 745 2986 illis
760 2921 952 3003 coniungere
969 2922 1011 2987 ab
1033 2923 1118 2986 omni
1139 2927 1231 3006 parte

95 3023 295 3090 commodum
322 3029 379 3090 est
422 3023 526 3089 Locus
554 3024 610 3090 ille
633 3022 798 3107 Odysseae
820 3017 1073 3106 πολυθρύλητος
1098 3028 1162 3104 est,
1189 3023 1231 3088 ab

95 3125 361 3211 vituperatoribus
390 3129 423 3191 et
450 3123 670 3192 defensoribus
698 3125 832 3189 multum
853 3123 1030 3207 agitatus.¹)
1078 3120 1167 3200 Quae
1189 3121 1232 3190 de

95 3225 200 3312 Ulixe,
223 3229 278 3312 qni
294 3227 433 3311 Epicuro
456 3227 630 3311 voluptatis
651 3232 761 3292 auctor
777 3223 948 3307 exstiterit,
971 3229 1004 3290 et
1025 3223 1066 3290 de
1080 3223 1231 3306 Megacli·

97 3326 144 3396 dis
166 3330 323 3397 solutione
343 3326 528 3395 Athenaeus
551 3329 695 3412 protulit,
718 3327 886 3394 coniuncta
912 3326 1059 3408 leguntur
1081 3325 1177 3390 etiam
1198 3325 1232 3390 in

96 3427 257 3497 Plutarchi
283 3430 445 3513 personati
471 3429 574 3495 libelli
597 3450 624 3495 c.
642 3433 702 3494 150
725 3449 764 3494 ea
785 3428 913 3510 quidem
934 3427 1009 3492 libri
1033 3431 1139 3509 parte,
1169 3445 1233 3509 qua

99 3528 320 3598 Dioscuridem
340 3530 480 3597 nondum
501 3530 583 3598 adiIt
604 3531 660 3596 ille
681 3535 800 3612 auctor,
822 3548 885 3612 quo
908 3529 941 3593 in
962 3527 1066 3613 capite
1089 3528 1233 3612 stngulos

182 3719 206 3783 1)
222 3713 283 3769 Hac
294 3713 409 3782 Epicuri
425 3713 465 3768 vel
477 3713 609 3782 Aristippi
625 3713 729 3768 radone
741 3710 896 3767 Heraclidas
912 3709 1040 3764 Ponticus
1052 3703 1097 3766 ίἐν
1114 3713 1156 3766 τῶ
1166 3712 1232 3782 περὶ

97 3790 208 3872 idos-1⁴1&
226 3799 299 3869 apud
315 3799 412 3853 Athen.
424 3797 477 3852 XII
489 3813 516 3865 p.
530 3797 594 3850 512¹l
611 3797 661 3851 hos
672 3811 764 3852 versus
776 3795 926 3865 explicarit,
945 3795 992 3850 sed
1000 3788 1151 3864 ’νομικῶς’
1163 3798 1235 3849 teste

100 3879 208 3940 LaertIc
220 3883 341 3952 Diogene
357 3883 386 3937 iu
403 3882 457 3936 fine
469 3881 583 3948 eanlogi
600 3881 618 3935 l
636 3880 698 3946 Vb,
711 3884 752 3944 88,
769 3883 802 3934 ut
818 3879 895 3935 decet
905 3878 1028 3935 Platonis
1040 3883 1068 3934 et
1078 3878 1232 3935 Aristotelis

100 3967 243 4025 alumnum.
272 3967 401 4022 Eiusdem
418 3966 459 4022 rei
475 3967 636 4022 documento
653 3968 695 4018 est
705 3963 838 4018 Athenaei
854 3964 872 4018 l.
885 3963 937 4018 XII
953 3969 1039 4020 totum
1057 3966 1167 4034 capati
1184 3963 1231 4030 (ci.

100 4048 243 4123 Schndgh.
262 4052 297 4108 ad
313 4051 386 4116 loc).
422 4051 524 4106 Tamen
542 4065 603 4105 cum
621 4049 710 4118 capite
726 4055 741 4102 1
759 4050 812 4104 hcc
829 4049 936 4105 omnino
954 4063 1008 4103 uon
1026 4049 1159 4104 cohaeret.
