3018 4736
236 339 278 395 De
295 339 463 396 Dioscuridis
481 343 547 415 περὶ
563 343 622 398 τῶν
638 334 708 410 παρ’
721 334 833 417 Ὁμήρῳ
850 338 949 412 νόμων
965 344 1064 404 libello.
1162 349 1221 408 161

66 511 237 578 Homerus
252 511 511 595 splendidissime
527 517 655 579 ornatas
671 512 884 602 descripserit,
900 517 987 601 apud
999 519 1222 587 Dioscuridem

67 619 257 678 enarratam
272 619 304 679 et
326 615 482 696 exemplis
497 614 688 680 illustratam
702 616 802 683 fuisse
815 618 929 683 iterum
944 619 1057 686 Dionis
1076 626 1108 686 et
1121 621 1221 688 Athe-

66 715 146 780 naei
170 734 329 781 consensu
350 715 511 798 discimus,
536 716 681 798 quamvis
705 718 823 801 exigua
837 711 909 801 sint,
932 715 1014 801 quae
1037 719 1222 790 Athenaeus

67 821 102 880 et
123 815 292 881 Athenaei
313 817 539 900 epitomatores
553 818 646 884 nobis
661 819 857 901 reliquerunt
873 840 905 901 p.
925 823 977 884 16ο
998 822 1049 897 (fr.
1067 826 1105 886 17
1121 845 1152 908 p.
1169 827 1221 908 99,

70 919 121 1000 12,
146 919 190 981 23
199 919 298 994 -28).
331 917 469 984 Menelai
483 917 618 984 aedibus
633 919 803 987 celebratis
818 922 960 1004 sequitur
969 922 1097 989 Alcinoi
1111 927 1221 1008 regiae

68 1019 272 1102 exemplum,
296 1019 382 1102 quod
396 1039 453 1086 suo
469 1021 571 1086 Marte
587 1020 751 1087 coniunxit
764 1022 949 1089 Athenaeus
968 1043 1039 1090 cum
1054 1023 1222 1094 historiola

68 1120 111 1186 de
134 1121 257 1186 Iberici
285 1120 450 1187 cuiusdam
477 1123 631 1204 principis
659 1122 754 1190 domo
785 1143 827 1189 ex
848 1124 985 1208 Polybio
1014 1126 1221 1212 desumpta.¹)

68 1221 225 1303 Denique
240 1221 398 1306 Calypsus
420 1223 540 1290 mentio
562 1223 612 1290 fit:
627 1218 773 1310 Ὅμηρος
795 1221 831 1288 δὲ
845 1228 1071 1312 τοπογραφῶν
1085 1228 1139 1293 καὶ
1161 1223 1221 1314 τὴν

69 1321 261 1406 Καλυψοῦς
288 1321 396 1387 οἰκίαν
426 1321 600 1409 ἐκπλήττει
626 1320 685 1389 τὸν
704 1319 830 1409 Ἑρμῆν.
874 1327 987 1394 Merito
1015 1335 1121 1396 autem
1149 1349 1222 1396 cum

69 1423 121 1491 his
140 1425 288 1490 conferes
303 1443 386 1507 quae
408 1425 495 1508 apud
516 1426 654 1492 Dionem
668 1427 816 1509 leguntur
830 1427 905 1494 inde
920 1449 941 1494 a
955 1431 1062 1497 verbis
1076 1451 1108 1514 p.
1125 1433 1164 1496 83
1176 1433 1220 1498 R:
1321 1489 1324 1497 .

70 1518 153 1591 οὐδὲ
175 1523 304 1612 οἴκησιν
327 1517 433 1601 ἀξιοῖς
454 1523 720 1591 κατεσκευάσθαι
740 1524 798 1593 τὸν
820 1528 961 1611 βασιλέα
982 1529 1050 1594 κτλ.
1087 1531 1219 1598 Succur-

68 1630 111 1694 rit
137 1629 225 1693 enim
239 1627 439 1694 Dioscuridis
460 1629 534 1694 libri
555 1629 647 1710 ratio,
671 1633 705 1693 ut
719 1627 886 1695 Athenaeo
909 1631 991 1698 inter
1012 1631 1220 1716 dipuosophi-

69 1737 141 1796 stas
165 1728 350 1814 disputandi
371 1730 536 1796 materiem
559 1729 675 1797 obtulit
683 1732 716 1812 λ),
742 1727 894 1815 Philippo
916 1751 1043 1814 quoque
1065 1732 1220 1800 adversus

69 1831 295 1897 Alexandrum
310 1831 466 1915 volitanti,
489 1839 524 1898 ut
545 1831 628 1898 hanc
647 1825 814 1916 (δαπάνην
836 1831 892 1896 καὶ
913 1825 1137 1898 πολυτέλειαν
1163 1855 1219 1920 ορ·

68 1933 206 2017 probret
228 1933 384 2016 Homero,
413 1952 470 1998 uso
492 1934 618 2000 Alcinoi
647 1938 680 1998 et
707 1933 846 1998 Menelai
873 1934 1030 2017 exemplis
1057 1955 1090 2019 p.
1106 1937 1221 2014 85R3)

70 2035 122 2114 (fr.
142 2037 181 2098 17
204 2054 235 2117 p.
254 2036 305 2116 99,
324 2035 468 2108 13-22).
513 2035 555 2100 ut
581 2054 622 2101 ne
645 2034 803 2119 Calypsus
825 2035 955 2117 quidem
982 2042 1107 2102 antrum
1134 2039 1221 2122 apud

71 2137 213 2202 Dionem
237 2135 437 2235 desideratur
457 2155 488 2218 p.
506 2135 587 2202 86ss
610 2137 657 2210 (fr.
677 2139 1075 2220 17‘p.100,1e-29).⁴)⁵)

161 2306 187 2369 1)
205 2301 245 2356 Cf.
263 2299 381 2356 XXXIV
393 2305 417 2366 9,
431 2305 460 2354 15
478 2301 531 2355 Ηιι.
641 2305 667 2368 2)
686 2301 726 2356 ef.
746 2301 896 2355 Brunkium
909 2301 925 2353 l.
939 2302 956 2356 l.
974 2318 1001 2370 p.
1017 2305 1050 2355 24
1068 2302 1130 2357 adu.
1144 2307 1186 2358 26.

160 2390 186 2450 3)
203 2385 268 2440 Inde
289 2386 357 2440 haec
381 2401 487 2454 quoque
504 2385 599 2438 Dionis
623 2385 816 2454 quodammodo
840 2390 935 2438 exorta
955 2384 1079 2439 videntur
1097 2400 1169 2451 esse,
1192 2388 1221 2442 in

71 2485 113 2526 or.
132 2469 250 2524 LXXIX
267 2484 294 2538 p.
306 2469 436 2524 432R11:
461 2472 510 2525 καὶ
529 2459 573 2525 ὅτι
589 2473 686 2544 χρυσῷ
707 2464 758 2535 τὰς
777 2469 870 2534 οἰκίας
891 2466 1041 2542 ἐρέπτουσι
1065 2472 1113 2526 καὶ
1129 2467 1221 2539 μεστὰ

73 2550 170 2612 πάντα
190 2547 315 2626 ἀργύρου
338 2557 386 2610 καὶ
408 2548 547 2627 ἠλέκτρου
567 2557 616 2610 καὶ
637 2551 805 2625 ἐλέφαντος,
831 2548 919 2611 ὁποῖα
929 2545 1052 2628 (Όμηρος
1074 2550 1167 2628 εἴρηκε
1186 2554 1221 2613 τὰ

70 2633 202 2696 Ἀλκλνου
225 2642 274 2694 καλ
297 2633 332 2694 τὰ
356 2636 508 2696 Μενελάου
530 2640 663 2711 βασίλεια
686 2633 875 2713 ὑπερβάλλειν
898 2634 967 2696 τότε
990 2632 1164 2711 dictitarent
1186 2635 1220 2696 τὸ

70 2719 196 2781 δυνατὸν
214 2717 325 2794 σχεδόν.

160 2813 187 2871 4)
204 2809 292 2862 Huius
310 2806 422 2862 similem
439 2806 646 2874 descriptionem
664 2809 809 2862 Atalantae
827 2808 897 2862 antri
921 2823 954 2862 ex
972 2807 1104 2878 Calypsus
1122 2809 1220 2864 Home-

71 2895 131 2948 rico
150 2891 272 2961 exemplo
290 2895 313 2953 (ε
332 2897 363 2945 55
375 2893 444 2960 sqq.)
461 2905 617 2958 expressam
633 2891 694 2945 vide
713 2893 786 2958 apud
803 2893 945 2945 Aelianum
963 2907 1021 2946 var.
1040 2892 1104 2946 hist.
1117 2891 1183 2945 Xlli
1198 2899 1221 2947 1.

161 2981 186 3043 5)
206 2977 279 3044 Quae
292 2975 333 3030 his
346 2975 442 3030 similia
454 2983 563 3028 enarrat
574 2974 732 3028 Iulianus
745 2976 889 3044 imperator
901 2992 928 3044 p.
939 2979 980 3042 66,
992 2979 1022 3027 10
1032 2975 1058 3027 Η
1070 2976 1103 3029 de
1114 2975 1222 3030 Alcinoi

72 3065 102 3118 et
112 3061 232 3136 Menelai
244 3061 369 3114 domuum
382 3057 587 3127 magnificentia,
605 3077 632 3128 p.
645 3063 701 3127 144,
711 3063 743 3112 25
756 3059 782 3112 Η
800 3059 833 3114 de
845 3058 975 3128 Calypsus
987 3063 1065 3112 antro
1077 3063 1105 3114 et
1117 3059 1221 3114 Phaea-

73 3164 137 3202 cum
148 3146 265 3210 luxuria,
282 3145 344 3212 alia,
357 3143 477 3198 Dioneae
489 3144 612 3221 lectionis
625 3145 750 3199 sidentur
761 3157 821 3198 esse
832 3143 951 3211 vestigia.
978 3142 1048 3196 Mam
1059 3143 1221 3198 Prusensem

74 3234 143 3288 bene
166 3231 241 3286 norit
262 3229 396 3296 Iulianus,
418 3229 539 3284 laudavit
562 3230 589 3282 in
607 3245 646 3284 or.
665 3229 718 3285 VII
729 3247 756 3299 p.
768 3233 826 3293 275,
838 3231 869 3281 18
881 3227 915 3283 H.
956 3227 1015 3282 Uno
1038 3233 1127 3282 autern
1150 3229 1221 3295 loco,

72 3331 127 3386 quo
146 3315 179 3369 de
197 3314 311 3383 piscium
328 3330 377 3370 esu
389 3314 478 3381 agitur
495 3329 529 3367 ne
540 3314 629 3383 procis
641 3315 747 3382 quidem
765 3313 799 3367 ab
812 3312 927 3368 Homero
941 3327 1078 3380 concesso,
1096 3311 1124 3366 in
1137 3312 1221 3366 Miso-

73 3417 135 3470 pog.
149 3417 176 3468 p.
186 3403 245 3463 452,
256 3403 273 3452 4
284 3397 310 3452 Η
322 3399 364 3465 (fr.
378 3403 394 3452 2
406 3416 433 3468 p.
444 3403 486 3465 92,
496 3402 615 3466 29-22),
633 3415 688 3452 non
700 3400 786 3454 solum
798 3397 914 3451 Dionem
926 3398 1029 3451 videtur
1041 3404 1150 3450 secutus
1162 3410 1221 3450 esse

72 3489 186 3555 propter
209 3483 298 3538 arium
321 3484 610 3549 commemorationem,
633 3497 702 3552 quae
725 3483 892 3538 desideratur
909 3481 980 3551 apud
1003 3481 1077 3535 illum
1097 3481 1125 3534 in
1143 3480 1222 3536 cr.lI

73 3587 101 3640 p.
112 3569 181 3625 88ss
198 3567 270 3635 (fal
288 3585 315 3638 p.
329 3573 370 3632 91,
381 3572 504 3635 20-22),
529 3584 590 3623 cum
608 3568 752 3623 concinant
775 3567 804 3621 in
820 3567 886 3636 ipsis
904 3569 1011 3637 τρυφῆς
1028 3569 1056 3620 et
1072 3558 1222 3638 ἀσελγείας

73 3655 178 3721 verbis,
201 3668 271 3723 quae
293 3669 343 3708 nec
360 3653 525 3708 Plutarchus
547 3668 597 3707 nec
614 3653 771 3707 Athenaeus
794 3652 912 3706 eiusdem
934 3651 973 3705 rei
991 3651 1153 3719 expilatores
1174 3666 1220 3706 ex-

74 3740 177 3796 hibent.
220 3738 273 3793 Sed
296 3739 381 3807 ipsius
404 3737 573 3793 Dioscuridis
593 3738 692 3792 libmm
714 3737 861 3792 etiamtunc
883 3735 1004 3806 patuisse
1020 3735 1125 3791 Iuliano
1143 3752 1220 3816 nemp

74 3824 254 3894 comprobare
277 3825 387 3892 poterit.
426 3823 513 3878 Nobis
538 3823 643 3890 quidem
664 3821 769 3876 videtur
792 3837 843 3877 sua
868 3821 946 3890 quasi
969 3821 1165 3876 contaminasse
1189 3837 1222 3876 ex

75 3911 164 3966 Dione
187 3912 215 3964 ot
232 3909 364 3964 Athenaei
386 3909 444 3963 his:
468 3910 516 3964 καὶ
540 3902 607 3972 τοὺς
629 3910 792 3978 μνηστῆρας
879 3901 945 3962 οὔτε
970 3905 1050 3978 ἰχθῦς
1071 3903 1223 3972 ἐσθίοντας

76 4004 156 4052 ποιεῖ
167 3989 248 4052 ιοὔτε
267 3987 403 4066 ὄρνιθος’,
421 3994 498 4048 cuius
515 3993 659 4046 thesauros
672 3991 785 4057 Iuliano,
804 3990 849 4059 qui
866 3991 925 4060 ipse
937 3991 1046 4060 scripsit
1064 3990 1222 4058 convivium,

77 4079 192 4150 exempli
208 4080 294 4134 instar
309 4079 415 4147 ignotos
433 4077 518 4132 fuisse
534 4078 578 4132 rix
595 4077 736 4146 quisquam
754 4075 868 4145 putabit.

127 4174 244 4226 Leipziger
256 4171 358 4215 Studien.
377 4170 407 4212 XI
1023 4165 1052 4214 ll
