3018 4736
245 335 286 390 ne
303 334 473 392 Dioscuridis
491 339 558 407 περὶ
575 340 633 393 τοι
650 330 719 410 παρ’
731 331 840 413 Ὁμήρῳ
858 328 955 404 νόμον
971 311 1070 386 noluo.
1167 335 1226 392 isi

84 511 250 577 tribuatur.
300 509 384 575 Nam
412 511 508 576 totius
536 510 651 593 capitis
679 509 804 577 indoles
833 508 908 574 huic
934 508 1142 576 accomodata
1169 513 1227 590 est,

86 616 208 700 quippe
232 611 317 697 quod
339 613 421 678 bene
443 613 652 696 coniungatur
672 633 744 678 cum
759 612 918 680 Athenaei
939 615 1045 679 libriI
1066 616 1172 697 capite
1189 619 1227 678 17

84 719 133 796 (fr.
152 718 215 794 23).
261 715 296 782 Si
318 720 425 780 autem
448 734 489 780 ex
512 715 715 798 Asclepiadis
737 715 894 798 Myrleani
919 716 999 802 περὶ
1024 715 1229 802 Νεστορίδος

84 819 199 885 libello
215 817 276 883 hoc
292 817 530 900 hausseriptum
547 836 618 882 csse
641 817 800 901 quispiam
824 817 956 903 dixerit,
979 838 1074 901 qucm
1096 821 1129 884 in
1143 820 1164 884 l.
1181 818 1230 884 XI

51 941 53 948 ’
84 919 233 1004 sophista
244 919 367 985 affatim
379 919 535 1002 expilavit
543 919 576 1000 ¹),
591 938 655 984 non
669 919 715 984 ita
730 917 822 991 huius
834 919 950 985 rationi
964 919 1045 986 hace
1057 923 1228 988 convenire

84 1025 158 1107 ipse
181 1021 301 1087 videat.
344 1021 446 1085 Immo
469 1019 534 1085 his:
556 1021 616 1083 τοῦ
635 1011 897 1104 Ἀγαμέμνονος.
912 1071 919 1084 .
933 1071 940 1085 .
954 1071 972 1099 .,
1000 1018 1038 1086 ὃν
1061 1016 1106 1098 ὥς
1124 1022 1229 1087 πολτ-

84 1117 197 1209 πότην
220 1118 424 1207 ἐπιπλήσσει
445 1115 462 1186 ὁ
486 1113 652 1202 Ἀχιλλεύς
677 1123 773 1205 quasi
795 1142 865 1189 sese
894 1123 998 1206 ipsum
1021 1126 1230 1209 exscripsisse

85 1226 218 1292 videtur
233 1223 440 1290 Dioscorides
456 1223 508 1295 (cf.
524 1243 620 1307 supra
634 1243 665 1307 p.
685 1226 766 1306 150),
788 1243 892 1307 neque
907 1224 1099 1310 Antiphauis
1115 1227 1230 1312 comici

84 1327 304 1394 testimonium
326 1326 367 1391 ab
390 1323 451 1391 hoc
468 1325 610 1390 alienum
631 1331 687 1390 est.
724 1325 808 1391 Huic
823 1331 929 1391 autem
944 1328 991 1392 ici
1012 1327 1231 1410 illustrandae,

87 1430 179 1515 quod
200 1449 264 1495 non
285 1434 404 1494 temere
426 1427 583 1494 Homerus
605 1427 734 1493 Nestori
755 1429 956 1512 potissimum
981 1431 1130 1512 poculum
1154 1429 1231 1495 offc-
1327 1451 1331 1456 ’

85 1538 212 1600 rentem
239 1530 402 1596 induxerit
423 1529 600 1609 Achillem,
629 1529 762 1595 Idumelo
785 1531 927 1613 corporis
949 1532 1112 1597 tutaminis
1135 1551 1232 1597 causa

85 1634 264 1717 thoracem,
288 1633 408 1716 quippe
431 1632 486 1714 qui
507 1632 686 1714 periculose
710 1633 890 1716 cucurrerit,
913 1631 1026 1698 horum
1048 1633 1231 1699 meminisse

85 1736 224 1818 iuvabit,
248 1753 331 1818 quae
353 1733 394 1798 de
416 1733 554 1798 Antinoo
577 1753 674 1816 supra
694 1755 726 1819 p.
744 1737 803 1798 167
828 1732 989 1817 disputata
1016 1741 1097 1801 sunt.
1142 1733 1232 1812 Quae

86 1858 167 1906 vero
192 1836 233 1902 dc
255 1835 317 1902 hoc
338 1835 481 1901 Nestoris
508 1836 624 1918 poculo
646 1843 821 1919 narrantur,
852 1855 891 1901 ca
918 1837 1010 1918 quasi
1036 1837 1116 1904 duas
1138 1836 1233 1903 huius

88 1939 288 2025 quaestionis
311 1937 485 2004 solutiones
508 1957 578 2003 esse
601 1937 696 2004 facile
718 1937 896 2020 intelleges,
920 1959 975 2004 cur
998 1940 1149 2023 poculum
1168 1939 1233 2005 Ne·

87 2043 168 2109 steri
192 2039 276 2106 dono
292 2038 418 2104 dederit
432 2037 586 2122 Achilles,
610 2058 743 2122 quarum
758 2040 892 2106 alteram
907 2041 1076 2124 acceperit,
1099 2043 1234 2107 alteram

87 2143 251 2228 spreverit
271 2141 328 2206 ille
350 2147 467 2206 auctor.
474 2142 497 2217 λ)
535 2139 777 2218 Quamobrem
791 2159 832 2206 nc
854 2141 915 2206 hoc
930 2142 1060 2224 quidem
1082 2143 1124 2208 ab
1139 2143 1233 2208 Dios·

89 2245 204 2315 ouridc
226 2243 398 2310 abhorrere
421 2241 587 2308 concedes.
633 2243 800 2325 Tanquam
822 2244 921 2309 instar
942 2245 1055 2310 tertiae
1078 2243 1172 2311 huius
1187 2245 1235 2310 rei

89 2348 262 2416 solutionis
292 2345 444 2412 scholion·
464 2350 513 2410 cst
540 2345 574 2408 in
595 2343 717 2409 Ven.B
740 2343 783 2410 ad
809 2347 932 2428 dtis,
962 2366 1154 2429 quamquam
1182 2346 1235 2412 hia

88 2473 157 2518 non
172 2451 219 2514 ita
234 2448 275 2513 dc
291 2449 362 2532 ipso
378 2447 493 2532 poculo
515 2466 611 2529 quam
626 2447 754 2512 omnino
777 2446 818 2512 dc
833 2447 977 2514 Nestoris
991 2449 1133 2533 praemio
1150 2449 1235 2532 cogi·

86 2560 192 2621 tatur:
217 2543 347 2635 ἇγαθός
370 2545 440 2612 ἐστι
463 2549 649 2633 νομοθέτης
671 2549 725 2625 (sc.
748 2548 920 2634 Achilles),
950 2541 1052 2626 οἰξιῶν
1074 2551 1129 2614 καὶ
1152 2573 1236 2636 φρο-

86 2654 218 2740 νήσεως
241 2636 334 2715 ἆθλα
355 2653 530 2716 τίθεσθαι.
567 2641 650 2732 παρ’
674 2643 815 2736 Ὁμήρου
837 2655 947 2717 τοίνυν
964 2649 1137 2733 διδαχθείς
1153 2644 1237 2718 Ἰσο-

85 2753 215 2844 κράτης
244 2751 385 2838 ἐπιτιμᾷ
412 2763 483 2827 τοῖς
509 2748 553 2834 μὴ
585 2749 777 2836 φρονήσεως
806 2737 898 2816 ἆθλα
920 2757 1076 2818 τιθεῖσιν.
1123 2749 1237 2839 ὥσπερ

87 2860 127 2925 δὲ
152 2853 212 2924 τὸν
233 2855 374 2938 βασιλέα
395 2855 679 2938 (Agamemnonem
694 2874 724 2918 v.
741 2856 815 2930 890)
839 2850 924 2917 οὕτω
945 2855 1002 2918 καί
1023 2851 1081 2917 τὸν
1103 2851 1237 2918 συνετὸν

88 2955 224 3027 ἀκονιτὶ
249 2959 449 3044 adaquasti)
492 2953 586 3034 Quod
608 2953 751 3021 scholion
773 2956 941 3022 Kaibelius
963 2955 1126 3038 adhibuit,
1148 2961 1184 3022 ut
1204 2956 1238 3020 in

85 3095 300 3106 ,—...-.--—

182 3163 207 3226 1)
225 3158 266 3213 cf.
284 3158 430 3228 praecipue
448 3157 538 3226 capita
556 3162 664 3214 ‘io—85.

183 3248 208 3310 2)
226 3243 343 3298 Kaibclii
359 3244 487 3296 miramur
504 3243 600 3296 horum
612 3243 754 3298 verborum
766 3243 970 3298 distinctionem.
1000 3240 1158 3294 Parenthesi
1169 3239 1239 3294 enim

84 3331 209 3388 inclusit
226 3329 293 3382 haec
311 3334 417 3382 tantum
435 3328 529 3382 verba:
549 3337 610 3393 τοῖς
627 3323 683 3402 γὰρ
701 3324 871 3400 φιλοπόταις
884 3323 918 3384 οὐ
930 3327 1088 3401 παρέπεται
1105 3320 1140 3382 τὸ
1159 3329 1240 3382 νικᾶν

87 3414 138 3476 διὰ
154 3410 192 3472 τὸ
205 3409 343 3491 ῥᾴθυμον,
363 3412 441 3480 quasi
457 3413 545 3468 verbis
558 3429 626 3482 quae
645 3420 787 3469 secuntur:
805 3409 823 3485 ἢ
836 3403 880 3470 ὅτι
893 3407 936 3469 διὰ
951 3415 1039 3486 δίψαν
1050 3407 1173 3482 μάλιστα
1185 3412 1241 3466 λεί-

86 3520 205 3560 πονται
224 3495 251 3555 σί
268 3492 371 3553 πύκται
382 3491 426 3554 διὰ
445 3491 479 3554 τὸ
498 3503 653 3572 βαρεῖσθαι
665 3494 717 3564 τὰς
733 3508 832 3570 χεῖρας
843 3491 1046 3562 ἀνατείνοντος
1063 3497 1144 3550 tertia
1158 3510 1240 3565 quae·

85 3589 158 3643 dam
184 3581 283 3638 solutio
308 3582 365 3636 cius
389 3581 552 3650 quaestionis
575 3583 741 3650 proferatur,
765 3599 813 3638 cur
836 3583 962 3651 poculum
984 3582 1092 3635 Nestori
1113 3579 1241 3635 obtulerit

85 3667 228 3726 Achilles.
264 3666 347 3720 Immo
365 3667 511 3734 posthaec
529 3667 634 3722 demum
652 3667 733 3722 uerba
750 3666 923 3735 parenthesin
947 3680 1005 3720 esse
1029 3665 1240 3720 concludendam

86 3751 285 3822 unusquisque
304 3751 442 3806 concedet.
472 3750 542 3804 Nam
559 3752 601 3805 his
615 3752 694 3806 etiam
705 3752 772 3807 illud
790 3752 946 3821 explicatur,
966 3766 1014 3804 cur
1031 3753 1169 3820 potatores
1187 3765 1241 3804 non

87 3841 230 3909 sequatur
247 3835 367 3891 uictoria.
407 3835 484 3891 Haec
508 3836 596 3890 omnia
619 3837 701 3890 rerba
724 3835 892 3905 parenthesis
914 3835 973 3890 loco
996 3835 1069 3888 haud
1091 3840 1241 3904 opportune

86 3929 149 3981 huc
171 3921 275 3976 inserta
293 3921 315 3975 si
332 3922 366 3974 ab
385 3921 445 3990 ipso
463 3920 602 3974 Athenaeo
621 3921 713 3976 addita
730 3935 789 3976 esse
807 3921 987 3985 statuerimus,
1005 3920 1049 3974 uix
1066 3920 1223 3974 errabimus.

187 4012 212 4074 3)
230 4005 351 4062 Eandem
370 4007 527 4061 solutionem
539 4005 638 4061 Accius
656 4007 769 4074 protuht
785 4007 813 4060 in
825 4005 994 4060 didascalicis
1011 4008 1039 4061 in
1053 4005 1087 4060 dr.
1099 4005 1126 4058 Χ
1143 4005 1239 4060 Baehr.

86 4098 205 4166 (fragm.
225 4095 297 4160 poet.
316 4091 428 4146 Roman.
447 4107 473 4160 p.
487 4094 558 4158 lbet:
