3018 4736
210 322 252 378 De
268 321 436 380 Dioscuridis
455 325 520 396 περὶ
537 327 595 379 τῶν
612 315 680 397 παρ’
693 317 802 395 Ὁμήρῳ
820 317 917 392 νόμων
933 321 1034 377 libello.
1130 319 1188 380 131

74 497 152 562 Certe
173 501 289 579 autem,
312 494 397 578 quod
411 493 618 560 Ludwichius
640 496 733 560 tertio
753 497 825 561 loeo
846 495 986 578 protulit,
1007 495 1101 561 nimis
1123 515 1193 579 per·

74 599 199 682 spicuam
221 597 319 662 fuisse
342 595 425 662 hanc
448 593 522 671 δαίς
552 597 641 663 vocis
664 597 889 680 etymologiam
919 595 960 661 de
983 593 1066 658 doto
1094 597 1193 662 verbo

76 699 235 765 derivatam
259 704 291 765 ct
311 697 487 764 Aristarchi
509 698 655 764 acumine
677 699 767 782 quasi
789 697 1018 782 non'dignam,
1044 700 1084 763 ut
1099 697 1193 764 facile

76 801 120 866 illa
138 801 248 882 regulo
270 821 291 865 a
312 801 425 882 quovis
446 801 585 884 potuerit
605 799 692 883 fingi,
716 799 778 866 hoc
798 799 884 889 nullo
903 799 998 864 modo
1013 799 1192 884 probamus.

74 901 190 969 Seleuco
221 902 350 986 quidem
379 902 424 966 ita
452 919 503 968 res
533 922 595 968 non
624 903 695 968 visa
717 907 781 985 est,
810 900 896 984 apud
917 900 1033 967 Athen.
1053 900 1068 964 Ι
1091 920 1122 984 p.
1136 897 1194 963 24¹>

74 1005 113 1081 (oi.
127 1003 212 1070 Suid.
229 1025 253 1071 s.
267 1026 298 1070 v.
311 1001 412 1083 dulci:
427 997 500 1067 Ὅτι
516 1000 671 1078 Σέλευκός
686 1023 769 1089 φησι
783 1000 843 1087 τὴν
860 994 941 1087 παρ’
953 995 1083 1087 Ὁμήρῳ
1097 1000 1193 1066 δαῖτα

73 1103 198 1171 etatae
213 1109 397 1186 ’στοιχείων
424 1106 605 1187 μεταθέσει
633 1103 764 1170 δίαιταν
793 1099 887 1170 εἶναι.
924 1100 961 1168 τὸ
986 1101 1022 1167 δὲ
1045 1100 1112 1168 ἆιτὸ
1135 1105 1194 1167 τοῦ

75 1205 245 1272 δαίσασθαι
261 1207 365 1291 λέγειν
386 1203 574 1292 βιαιότερόν
589 1203 687 1272 ἔστιν.
724 1207 826 1274 Nobis
846 1213 951 1272 autern
966 1205 1092 1274 videtur
1111 1197 1194 1284 ¹haed

72 1309 234 1376 rectissima
250 1310 445 1394 etymologia
462 1313 494 1374 et
508 1309 598 1374 vorbi
621 1305 692 1393 itaq
716 1310 888 1394 explicatio
911 1309 1028 1393 optime
1050 1313 1195 1374 enarrata

75 1412 136 1477 satis
151 1411 249 1494 digna
262 1409 456 1478 Aristarcho.
486 1409 650 1494 Apollonii
672 1417 779 1476 autem
794 1409 964 1496 Sophistae
979 1411 1194 1476 testimonium
1258 1423 1261 1428 ·

74 1511 261 1579 Lndwichios
291 1513 324 1579 in
351 1534 442 1580 suurn
471 1532 563 1578 usum
591 1519 775 1578 convertere
802 1532 866 1577 non
894 1511 1017 1594 debuit,
1047 1513 1193 1595 quoniam
1293 1509 1296 1514 ’

73 1614 147 1679 illum
158 1616 327 1682 verborum
341 1617 382 1682 ab
394 1613 577 1681 Aristarcho
590 1614 818 1697 explicatorum
835 1612 922 1677 haud
937 1613 1081 1696 ignarum
1096 1614 1194 1679 fuisse

74 1716 130 1798 ipse
149 1717 247 1800 probe
270 1718 330 1784 scit
351 1717 401 1794 (of.
424 1717 439 1781 I
457 1737 489 1801 p.
503 1719 560 1795 753
582 1717 613 1781 ll
634 1736 668 1800 p.
683 1719 745 1781 484
767 1715 841 1780 adn.
857 1715 898 1795 2).
934 1715 1035 1780 Immo
1058 1715 1192 1781 clarissi-

72 1837 142 1882 mum
168 1819 407 1884 fundamentum
430 1816 634 1884 Aristarchea
659 1819 781 1886 scilicet
808 1817 952 1883 doctrina
980 1817 1125 1883 omnibus
1148 1817 1192 1882 vi·

72 1917 149 1984 detur
169 1921 316 2002 subesse,
344 1920 399 2003 qui
420 1917 502 1985 hanc
524 1927 730 2002 persecuntur
752 1919 996 2004 etymologiam:
1025 1918 1192 1984 Athenaeo

72 2019 93 2094 (l
110 2042 138 2104 p.
152 2024 216 2100 12⁰)
240 2027 272 2087 et
293 2019 413 2086 Suidac
435 2041 459 2087 s.
476 2042 506 2086 v.
529 2015 643 2096 δαιτὸς
665 2017 756 2106 ἐίσης
776 2022 979 2103 integriorem
994 2020 1193 2086 Athenaeum

72 2124 249 2206 champerti,
265 2122 437 2206 Apollonio
449 2122 620 2206 sophistae
630 2124 673 2205 (p.
682 2123 762 2205 56,8
776 2121 826 2187 ed.
839 2121 955 2198 Bekh.)
971 2127 1003 2186 et
1014 2122 1192 2205 Etymolog.

71 2221 173 2306 Magno
194 2227 237 2308 (p.
252 2226 324 2308 251,
338 2226 399 2308 30),
422 2223 552 2291 scholiis
568 2223 746 2289 Homericis
761 2223 804 2288 ad
818 2223 856 2286 A
872 2224 933 2286 468
956 2223 1034 2288 Vcn.
1049 2223 1076 2286 B
1098 2226 1130 2288 ct
1151 2221 1193 2288 ad

72 2325 151 2390 898.
191 2325 276 2405 Quin
305 2325 468 2410 Apollonii
498 2328 541 2404 (et
569 2323 644 2390 inde
673 2325 809 2408 Etymol.
830 2324 947 2406 Magn.)
975 2323 1089 2390 verba:
1119 2319 1193 2388 ἐπεὶ

71 2425 194 2512 μεριστὰ
216 2411 257 2513 ἦν
279 2423 316 2491 τὸ
340 2422 487 2491 παλαιὸν
508 2422 549 2489 τὰ
577 2423 752 2510 βρώματα,
783 2426 863 2492 sicut
885 2424 1067 2509 Tryphonis
1095 2425 1193 2508 (apud

71 2529 170 2596 Athen.
184 2529 264 2596 XIV
284 2550 315 2613 p.
333 2530 439 2607 640⁰):
465 2525 607 2615 Τρύφων
630 2527 665 2591 δέ
688 2546 772 2614 φησι
793 2523 830 2592 τὸ
853 2524 1000 2593 παλαιὸν
1023 2528 1102 2612 πρὶν
1126 2524 1193 2591 εἰσ-

72 2631 169 2696 ελθεῖν
183 2627 260 2707 τοὺς
276 2628 476 2713 δαιτυμόνας
495 2627 633 2696 ἐπὶτῶν
648 2627 818 2716 τραπεζῶν
833 2633 968 2696 κεῖσθαι
983 2627 1042 2716 τὴν
1056 2627 1194 2694 ἑκάστου

70 2733 265 2818 corporari.
294 2734 385 2815 quasi
414 2732 573 2816 respicere
603 2733 751 2798 videntur
778 2733 820 2798 ad
842 2733 1077 2800 Aristarcheam
1105 2733 1193 2798 illam

70 2835 303 2919 explicationem
324 2833 412 2917 apud
433 2833 633 2900 Athenaeum
653 2835 779 2917 longius
801 2837 1014 2918 explanatam.

141 2936 207 3002 Sed
228 2953 311 3019 quae
333 2935 506 3017 deprimis
528 2933 709 3001 hominibus
731 2942 914 3000 enarrantur
940 2934 1056 3000 caedes
1086 2939 1117 2998 et
1145 2953 1192 2998 ra·

69 3038 149 3117 pinas
167 3058 232 3104 non
253 3037 374 3118 veritis,
397 3041 432 3100 ut
454 3035 559 3101 cibum
581 3037 643 3102 sibi
664 3042 823 3119 pararent,
844 3037 878 3100 in
900 3036 949 3101 his
964 3035 1192 3118 Epicureorum

70 3139 211 3204 rationem
234 3139 325 3221 sequi
346 3136 473 3203 videtur
487 3136 699 3220 Aristarchus,
723 3156 805 3220 quae
827 3136 955 3220 quidem
978 3156 1028 3202 ex.
1045 3156 1090 3219 gr.
1106 3134 1193 3219 apud

69 3237 236 3306 Lucretium
259 3240 292 3304 in
313 3239 374 3304 l.V
389 3237 465 3303 inde
479 3260 500 3304 a
514 3261 544 3306 v.
561 3242 622 3304 922
635 3259 702 3322 sqq.
725 3245 757 3304 et
770 3236 856 3320 apud
870 3237 1037 3304 Horatium
1052 3239 1084 3302 in
1100 3237 1192 3303 Satir.

69 3339 124 3424 13,
136 3346 174 3408 99
186 3361 256 3424 sqq.
278 3342 393 3424 legitur
406 3343 438 3419 1).
473 3340 516 3408 Ut
536 3347 642 3407 autem
662 3341 695 3406 in
716 3339 765 3406 his
784 3340 877 3406 rebus
892 3339 1064 3423 Epicurum
1077 3340 1192 3423 partim

69 3442 102 3507 ab
116 3442 335 3528 Theophrasto
350 3442 491 3526 pendere
506 3443 649 3509 Zellerus
663 3441 932 3525 animadvertito,
955 3441 1002 3508 sic
1016 3440 1096 3505 illud
1116 3459 1192 3523 quo·

70 3561 121 3625 qua
141 3546 419 3630 peripateticorum
443 3545 540 3611 fuisse
562 3544 698 3626 videtur,
721 3543 806 3626 quod
829 3541 952 3608 Cereris
974 3541 1128 3607 beneficio
1150 3541 1193 3608 ad

18 3667 20 3716 ς
69 3647 245 3714 modestiam
268 3647 409 3712 revocati
436 3647 499 3712 sint
526 3646 683 3728 homines,
712 3665 807 3728 quam
834 3663 900 3709 rem
930 3649 1053 3710 nostros
1080 3649 1192 3728 poetas

18 3721 19 3804 i
69 3750 237 3816 excoluisse
263 3753 372 3814 notum
394 3754 451 3815 est.
495 3747 531 3814 Si
559 3749 643 3814 enim
665 3745 787 3814 scholia
808 3745 887 3812 Ven.
902 3744 931 3810 A
954 3743 996 3810 ad
1018 3745 1056 3808 A
1071 3749 1132 3810 449
1162 3752 1193 3812 et

147 3904 176 3965 1)
188 3898 229 3952 Cf.
248 3897 379 3952 Zellerum
392 3892 467 3953 ‘.hist
484 3896 579 3964 philos.
599 3890 865 3963 (11311113ρ116

142 3987 167 4051 2)
189 3983 272 4040 Uebcr
283 3982 327 4037 die
339 3982 426 4037 lehre
437 3981 484 4036 des
495 3980 655 4035 Aristoteles
665 3997 718 4044 ναιι
731 3980 779 4034 der
789 3977 925 4049 Ewiqlccit
936 3978 984 4034 der
998 3979 1077 4047 Walt,
1093 3979 1192 4034 Corum.

69 4069 136 4124 acad.
147 4069 235 4124 Berol.
254 4083 279 4123 a.
291 4071 355 4122 1818
373 4083 399 4136 p.
413 4071 469 4120 101.
480 4069 527 4120 108
546 4069 573 4120 et
586 4059 659 4120 ‘hist
672 4065 768 4136 philos.
782 4059 837 4120 Gr?
855 4065 872 4118 l.
883 4065 900 4117 l.
919 4064 991 4182 adn,g
993 4069 1015 4119 1.

954 4153 970 4202 9
