3018 4736
246 301 308 361 172
691 299 827 356 Rohertus
846 299 946 354 Weber

245 469 424 538 Μενελάου
445 470 527 552 υἱός,
554 467 677 538 ίκαίτοι
699 476 842 559 νυμφίος
863 465 1021 555 ὑπάρχων
1050 471 1106 536 καὶ
1130 468 1163 536 ἐν
1186 462 1299 548 αὐτοῖς
1320 483 1395 548 τοῖς

244 565 391 660 γάμοις’,
414 595 548 659 qnorum
562 576 733 642 verborum
748 575 867 641 mentio
889 572 983 640 fluxit
1004 593 1046 638 ex
1060 573 1081 638 l.
1096 575 1113 639 I
1127 594 1159 658 p.
1177 571 1240 639 18¹).
1277 574 1395 658 Neque

246 677 332 744 enim
352 669 440 760 ipsis¹
455 677 489 742 in
510 677 630 760 nuptiis
645 678 690 754 (in
705 678 726 742 1.
743 674 773 754 ιλ)
788 677 974 760 pincernam
989 675 1057 758 agit
1070 674 1310 760 Megapenthes‚
1333 676 1394 743 sed

246 802 264 842 ο
284 782 354 861 141,
377 797 449 844 cum
473 777 590 862 Sparta
611 777 822 862 proficiscitur
837 776 1059 844 Telemachus.
1100 776 1190 854 Quae
1206 784 1297 846 recto
1319 799 1394 862 pro-

245 881 390 947 feruntur
418 900 439 944 a
466 878 602 946 Seleuco
632 879 730 965 (apud
757 877 873 944 Athen.
896 879 1088 962 21114241,
1111 879 1150 945 cf.
1173 879 1275 964 Bapp.
1297 881 1319 945 l.
1341 881 1396 956 l.):

247 972 411 1065 ᾠνοχόουν
434 1003 470 1044 τε
491 977 585 1063 παρὰ
608 991 680 1054 τοῖς
703 972 854 1064 άρχαίοις
876 979 909 1044 οἱ
937 971 1162 1064 εὐγενέστατοι
1184 978 1318 1061 παῖδες,
1348 975 1398 1057 ὡς

245 1076 263 1148 0‘
286 1083 346 1146 τοῦ
367 1079 544 1148 Μενελάου
566 1079 639 1158 υἱός

374 1191 511 1285 ᾠνοχόει
534 1191 564 1264 δ’
590 1196 663 1276 υίὸς
684 1196 862 1264 Μενελάου
884 1197 1079 1283 κυδαλίμοιο
1103 1205 1133 1280 (ο
1151 1203 1233 1280 141).

246 1319 440 1403 ceteroquin
468 1325 575 1385 autem
604 1317 699 1385 huius
728 1321 842 1403 capitis
868 1321 957 1404 prior
983 1340 1182 1404 parcusque
1207 1321 1249 1386 ad
1277 1321 1397 1388 rerba:

247 1416 331 1485 κατὰ
353 1416 413 1502 τὴν
437 1425 613 1502 στρατείαν
636 1440 805 1486 errorum
828 1421 936 1488 indole
951 1423 994 1487 ad
1012 1421 1182 1489 Seleucum
1196 1421 1324 1487 videtur
1346 1443 1397 1489 re-

246 1522 416 1600 ferenda.¹)
461 1523 511 1589 De
532 1515 665 1605 reliquis
688 1523 771 1588 inira
793 1524 853 1588 erit
875 1522 1055 1589 dicendum.
1100 1522 1166 1588 Sed
1187 1522 1398 1590 Plutarchum

248 1643 376 1707 quoquc
406 1625 439 1688 in
468 1623 583 1690 codem
610 1624 811 1707 problemate
839 1629 967 1707 praeter
988 1623 1157 1690 Seleucum
1180 1626 1279 1690 etiam
1299 1625 1397 1692 Dios-

247 1725 390 1793 curidcm
412 1724 532 1791 adiisse
555 1724 636 1791 haec
659 1725 850 1791 documento
873 1731 946 1790 sunt
966 1727 1001 1790 in
1023 1727 1218 1809 quaestionis
1233 1727 1323 1792 exitu
1346 1727 1397 1803 (ir.

248 1833 289 1893 45
305 1849 336 1912 p.
355 1830 426 1910 120,
444 1817 594 1903 11÷13):
625 1825 657 1890 οἱ
685 1825 720 1890 δὲ
742 1827 790 1909 τῴ
809 1819 907 1911 Ἑρμῇ
928 1825 1072 1912 πυμάτῳ
1096 1824 1309 1906 σπένδοντες,
1340 1823 1401 1892 ὅτε

246 1932 432 2016 μνησαίατο
454 1931 566 1992 κοίτου
582 1929 612 2012 (η
632 1930 713 2011 138),
737 1912 791 2012 ἆρ’
818 1922 876 1992 οὐκ
897 1925 935 1992 τὸ
953 1921 1031 1993 αὐτὸ
1049 1927 1227 2013 συνάγουσι
1249 1930 1296 2012 τῷ
1312 1925 1401 2014 οἴνῳ

247 2027 305 2096 τὸν
328 2027 443 2114 λόγον,·
478 2030 528 2094 De
551 2048 615 2111 qua
636 2029 809 2096 stoicorum
831 2030 976 2096 doctrina
998 2051 1094 2114 supra
1116 2031 1313 2115 disputatum
1336 2037 1398 2098 est.

332 2133 415 2198 Tum
437 2130 519 2198 haec
541 2149 668 2214 quoque
691 2150 732 2196 cx
751 2131 943 2198 Dioscuridc
965 2133 1148 2198 meminisse
1169 2132 1298 2198 videtur
1318 2133 1399 2198 Plu-

247 2232 390 2318 tarchus,
421 2252 503 2317 quae
532 2233 566 2297 in
588 2233 775 2315 quaestione
805 2235 871 2299 iam
894 2239 1139 2300 commemorata
1159 2233 1206 2299 IV
1220 2237 1240 2297 4
1254 2237 1330 2300 1118
1353 2235 1400 2302 de

248 2355 350 2419 caepa
371 2341 523 2418 tanquam
538 2333 709 2401 Homerico
733 2336 805 2402 cibo
828 2337 931 2402 obiter
952 2336 1085 2401 inseruit
1107 2337 1154 2412 (fr.
1173 2337 1211 2400 13
1229 2355 1260 2419 p.
1278 2339 1329 2422 97,
1343 2339 1399 2423 30,

247 2457 279 2520 p.
296 2437 348 2518 98,
365 2438 415 2500 28.
429 2437 491 2514 29).
520 2435 612 2510 ,Ναυι
635 2435 729 2503 huius
751 2438 879 2503 fuerunt
901 2437 999 2522 (apud
1020 2435 1136 2503 Athen.
1152 2458 1187 2521 p.
1201 2436 1284 2516 hill:
1308 2429 1398 2503 άλλά

248 2533 312 2621 μὴν
335 2537 390 2600 καὶ
412 2547 483 2611 τοῖς
501 2534 781 2618 κακοχυμοτάτοις
802 2535 958 2622 κρομύοις
981 2535 1138 2622 ἐχρῶντο·
1158 2533 1237 2604 ’ἐπὶ
1260 2538 1297 2604 δὲ
1317 2537 1398 2626 κρό-

336 2773 361 2837 1)
379 2769 482 2823 Similia
499 2774 590 2824 tamen
608 2769 660 2836 eis,
678 2786 748 2839 quaa
765 2773 839 2842 apud
856 2772 995 2826 Seleucum
1012 2773 1137 2828 fuerunt:
1159 2777 1208 2832 καί
1230 2777 1331 2841 δοῦλος
1350 2770 1397 2833 οὐ·

249 2859 305 2922 δελς
322 2847 357 2926 ἦν
377 2849 393 2911 ὃ
412 2851 598 2926 διακονήσων,
617 2847 683 2912 άλλ’
703 2855 731 2912 oi
748 2855 808 2913 νέοι
825 2860 884 2913 τῶν
901 2855 1061 2932 ἐλευθέρων
1072 2850 1230 2932 αἲνοχάουν,
1249 2853 1289 2926 ὦς
1307 2854 1323 2916 ὃ
1342 2864 1398 2918 τοῦ

248 2937 401 2999 Μενελάου
418 2937 481 3006 υἱός
494 2984 569 2996 .....
582 2944 631 2996 καὶ
648 2936 739 3006 τάλλα
757 2941 787 2999 δὲ
804 2937 899 3000 πάντα
918 2939 1134 3014 παρεσκεύαζον
1152 2953 1213 3010 τοῖς
1234 2948 1397 3002 δειπνοῦσιν

247 3023 403 3100 ἐλεύθεροι,
422 3025 503 3080 etiarn
514 3026 587 3094 apud
599 3026 788 3096 Dioscuridem
799 3027 922 3081 ridentur
933 3034 1045 3082 narrata
1055 3028 1148 3092 fuisse,
1166 3043 1199 3084 ex
1211 3029 1310 3098 quibus
1320 3045 1396 3085 nunc

247 3113 315 3168 nihil
332 3115 418 3166 restat
435 3111 487 3164 nisi
503 3111 556 3164 hoc
574 3111 647 3180 apud
664 3111 763 3165 Athen.
776 3129 803 3180 p.
819 3111 875 3164 17¹²:
895 3116 1059 3178 πολυτελεῖς
1076 3106 1104 3168 δ’
1118 3106 1215 3178 αὐτοῖς
1231 3118 1280 3170 καί
1292 3113 1321 3172 oi
1337 3117 1395 3170 δια.

248 3193 418 3267 κακούμενοι
436 3195 479 3262 (fr.
495 3199 544 3262 16).
580 3195 647 3250 (lum
671 3197 714 3250 his
736 3196 816 3250 robus
834 3197 937 3252 scholia
954 3197 1022 3252 Ven.
1041 3199 1065 3250 A
1083 3201 1111 3250 et
1128 3197 1150 3250 B
1168 3197 1203 3252 ad
1220 3202 1246 3254 ,4
1259 3203 1309 3252 410
1328 3213 1394 3254 con-

248 3281 353 3350 spirant
370 3279 405 3334 ad
422 3281 505 3334 verba
522 3285 631 3334 notata:
657 3283 758 3352 κοῦροι
775 3279 828 3348 μὲν
845 3284 986 3355 κρητῆρας
1003 3286 1072 3346 κτλ]
1091 3274 1214 3355 άρχαῖον
1232 3277 1300 3349 ἔθος
1318 3282 1395 3340 οίνο-

248 3375 328 3436 χοεῖν
346 3359 414 3430 τοὺς
430 3363 519 3430 νέους.
555 3359 598 3420 διὸ
621 3366 670 3418 καί
692 3367 795 3428 παῖδας
815 3363 898 3438 μέχρι
920 3369 973 3421 τοῦ
993 3369 1044 3422 νῦν
1067 3360 1134 3432 τοὺς
1155 3358 1273 3434 δοάλους
1291 3361 1395 3439 φαμέν.

248 3455 297 3506 καὶ
314 3444 479 3520 Γανυμήδης
494 3451 543 3505 καὶ
554 3439 630 3521 Ἥβη
646 3441 783 3520 ὑπηρέται
800 3453 880 3504 θεῶν
891 3449 962 3506 εἰσιν
974 3453 1011 3516 (Υ
1020 3453 1071 3504 234
1083 3454 1106 3506 Δ
1119 3455 1152 3516 2).
1183 3453 1214 3506 In
1226 3451 1294 3508 Ven.
1307 3453 1330 3506 Β
1344 3467 1393 3507 au·

248 3540 303 3588 tem
320 3535 401 3589 ctiam
418 3535 486 3588 hacc
504 3536 581 3588 sunt:
602 3577 624 3590 ..
638 3533 767 3605 οἰνοχοεῖ
783 3535 812 3591 δε
826 3530 891 3600 ὐίὸς
909 3526 1068 3592 Μενελάου.
1093 3529 1153 3592 (ἐπὶ
1170 3530 1197 3592 δ’
1210 3529 1311 3609 άνέρες
1327 3535 1394 3594 ἐσθ-

249 3620 294 3674 λοί
317 3612 424 3689 άροντο
449 3613 530 3676 οἶνον
552 3612 799 3690 ἐποινοχοεῦντες’
817 3623 926 3692 (χ411).
963 3615 1006 3676 διὸ
1030 3623 1078 3676 καί
1101 3625 1204 3686 παῖδας
1219 3626 1278 3678 κτλ
1318 3621 1396 3690 Quae

249 3716 322 3756 nunc
340 3701 464 3755 ridentur
482 3701 627 3758 Seleuceae
644 3704 754 3770 originis
772 3719 840 3772 esse,
859 3704 911 3759 nisi
928 3704 998 3761 forte
1015 3705 1166 3760 Aristarchi
1184 3711 1260 3772 runt,
1282 3711 1313 3761 ut
1330 3707 1395 3764 inde

250 3801 301 3841 sua
317 3785 418 3840 habere
435 3785 577 3840 Seleucum
596 3787 757 3842 censendum
776 3789 819 3844 sit
849 3787 921 3843 Nam
939 3786 1013 3862 πρὸς
1030 3785 1064 3846 τὸ
1083 3782 1207 3864 άρχαῖον
1224 3786 1292 3858 ἔθος
1310 3805 1395 3862 saepe

249 3871 295 3936 (cl.
314 3869 409 3924 Lehrs.
427 3869 445 3922 l.
458 3869 475 3922 l.
489 3885 515 3937 p.
532 3875 571 3933 11)
589 3871 664 3925 illum
689 3873 780 3942 diplen
802 3873 925 3943 posuisse
947 3875 1059 3938 scimus,
1084 3874 1144 3928 dein
1166 3875 1236 3930 illius
1260 3875 1395 3931 rationein

248 3955 359 4024 sapiunt
376 3953 480 4008 scholia
497 3970 546 4008 nec
564 3955 609 4009 illo
628 3957 751 4012 videntur
768 3957 883 4026 indigna.
920 3959 974 4014 Sed
991 3959 1098 4013 interim
1115 3959 1268 4027 ambiguum
1285 3967 1396 4016 maneat

246 4041 382 4096 iudicium.
