3018 4736
12 173 13 222 l

12 299 14 390 ρ
242 295 286 358 ¹De
304 294 471 350 Dioscuridis
489 298 559 370 aspi
572 298 631 351 τῶν
648 288 716 368 παρ’
729 287 838 370 Ὁμήρῳ
856 291 954 365 νόμιον
971 295 1071 352 libello.
1169 298 1227 358 177

12 419 13 474 l

79 468 124 534 ad
147 468 254 553 ipsum
276 466 451 534 Homerum
473 461 579 534 his'in
600 467 758 552 capitibus
780 474 941 552 spectant,
967 473 1074 536 nostro
1096 470 1165 536 inre
1188 492 1229 538 ex

79 571 295 654 peripatetico
317 570 374 635 illo
397 589 494 653 opere
517 575 550 636 et
563 568 607 634 ad
629 568 852 636 Dioscuridem
868 575 900 636 et
921 571 954 636 in
970 567 1094 637 scholia
1115 591 1228 655 perve-

12 715 13 742 r
79 673 168 739 nisse
191 673 368 738 statuimus.

12 829 13 858 ἒ
166 773 217 840 De
233 773 402 840 saltatione
416 771 589 838 Homerica
603 773 701 838 otiam
716 771 875 854 quaedam
889 772 1022 857 protulit
1037 792 1082 839 ex
1097 773 1228 842 Aeneae

12 893 13 938 l
81 874 122 941 de
144 875 289 942 Metione
312 873 456 941 Cretensi
478 872 528 939 his
550 874 658 940 verbis
681 874 828 940 derivata
849 877 900 952 (Π
911 876 1000 951 617);

157 980 160 987 ’
210 973 377 1062 Μηριόνη,
400 973 483 1057 τάχα
504 976 558 1038 κέν
582 994 620 1038 σε
641 974 697 1038 καὶ
718 965 879 1060 ὀρχηστήν
902 997 966 1060 περ
989 970 1086 1040 ἐόντα

210 1074 301 1162 ἔγχος
324 1073 402 1160 ἐμὸν
423 1078 611 1140 κατέπαυσε
633 1074 700 1138 κτλ.

78 1179 143 1246 Dio
160 1179 406 1263 chrysostomus
428 1181 461 1244 in
482 1179 584 1244 altera
598 1179 741 1244 oratione
756 1198 787 1262 p.
803 1178 884 1244 93R
900 1178 947 1257 (ir.
965 1180 1027 1262 38),
1050 1199 1133 1262 quae
1155 1201 1227 1247 cum

79 1280 204 1348 scholio
216 1281 334 1348 Ven.A
348 1281 391 1346 ad
403 1286 442 1346 ll
453 1284 513 1346 617
530 1280 709 1362 composuit
723 1279 876 1362 Hagsnus
892 1279 912 1344 l.
929 1280 949 1344 l.
966 1300 997 1362 p.
1013 1286 1063 1347 57.
1104 1283 1228 1350 Tamen

79 1382 168 1465 qnod
183 1402 255 1450 cum
269 1384 349 1468 ipsis
363 1383 477 1450 Dionis
499 1381 607 1448 verbis
629 1385 830 1465 comparetur
844 1379 989 1448 scholion
1003 1383 1104 1451 multo
1123 1387 1227 1470 magis

78 1483 233 1552 idoneum
255 1492 304 1552 cst
325 1483 396 1567 hoc,
419 1483 505 1567 quod
527 1485 560 1549 in
581 1483 703 1549 VenB
725 1481 856 1565 legitur:

194 1605 309 1669 Dionis
331 1603 414 1668 enim
438 1609 526 1669 sunt:
881 1598 1010 1666 scholii:

77 1693 98 1792 ἢ
130 1701 170 1770 σι)
201 1702 268 1770 οίει
296 1697 396 1791 ἄλλην
425 1701 500 1770 τινὰ
535 1704 640 1788 λέγειν

78 1803 292 1872 ἐπίστασθαι
326 1802 385 1870 σὸν
422 1807 482 1870 τοῦ
518 1804 639 1871 Μόλου

77 1906 230 1987 υἱόνίυο.
253 1900 399 1992 ὄρχησιν)
414 1955 509 1972 ......
525 1895 546 1992 ἢ
568 1904 639 1992 τὴν
666 1905 826 1989 Κρῆτες
868 1899 930 1988 γὰρ
972 1895 1111 1971 ἀσκοῦσι
1153 1903 1225 1992 σὴν

79 2004 637 2108 ἓνόπίιονηὴνίίουρητικήν,
666 2003 867 2070 ἐνόπλιον
896 1998 1039 2092 ὄρχησιν,
1069 2004 1226 2094 ἔμπειροι

77 2108 164 2198 ἥπερ
186 2107 226 2196 ἠν
249 2106 427 2193 ἐπιχώριος
443 2114 638 2194 τοῑςΚρη-
665 2100 758 2180 ὄντες
786 2099 855 2171 ἀπὸ
884 2109 943 2192 τῆς
972 2109 1037 2173 υιῦν
1063 2107 1225 2197 Κουρή-

78 2217 136 2292 σί,
159 2208 219 2297 τὴν
241 2203 352 2287 ὀξεῖαν
374 2211 430 2276 καί
453 2207 637 2297 ἐλαφρὰν
664 2230 743 2272 νων
771 2208 988 2292 μυθολογίας.
1046 2203 1153 2294 dapem
1189 2210 1225 2276 dd

77 2319 242 2398 κίνησιν
275 2309 361 2397 πρὸς
398 2309 436 2377 τὸ
471 2310 638 2378 διακλῖναι
665 2305 860 2395 ἐξεφαύλισε
874 2307 911 2376 τὸ
937 2302 1224 2397 εὐκίνητονσοῦ

78 2416 132 2482 καὶ
149 2412 368 2503 φυλάξασθαι
386 2399 510 2498 ῥαδίως
527 2409 564 2478 τὸ
580 2416 636 2496 dd·
664 2402 794 2492 ἀνδρός.
826 2409 1026 2493 βουλόμενος
1043 2407 1106 2496 γὰρ
1123 2405 1224 2482 αὐτὸν

80 2517 153 2598 λος,·
664 2509 848 2598 ἐλαφρὸν
863 2509 979 2591 εἰπεῖν,
999 2514 1095 2578 τοῦτο
1111 2538 1223 2600 παρα·
1300 2511 1301 2515 ’

662 2617 791 2700 τρέψας
813 2612 861 2692 εἰς
883 2606 1017 2699 ὄρχησιν
1041 2611 1222 2695 ἐχλεύασαν.

79 2737 169 2804 Hanc
197 2756 325 2820 quoque
350 2757 419 2803 rem
447 2735 647 2802 Dioscuridis
675 2736 774 2802 fuisse
805 2753 846 2800 ex
879 2734 1081 2818 peripatetici
1115 2739 1222 2819 operis

79 2858 176 2904 cornu
198 2839 470 2905 subministratum
492 2837 668 2921 probabilis
690 2835 817 2901 videtur
839 2835 1029 2900 coniectura.
1037 2835 1058 2910 ¹)

164 3025 188 3086 1)
206 3019 448 3090 Peripateticorum
459 3018 619 3088 sapientiam
631 3018 684 3072 hcc
696 3032 802 3087 quoqne
813 3017 842 3071 in
853 3015 896 3070 bis
907 3015 1016 3070 scholiis
1027 3015 1137 3084 redolet,
1150 3017 1222 3086 qnod

80 3104 231 3160 saltationis
244 3105 351 3160 omnino
363 3107 520 3159 statuuntur
537 3117 635 3172 genera
646 3101 711 3156 tria:
730 3101 860 3173 πυρρίχη,
878 3101 1003 3164 σίκιννις,
1019 3098 1221 3173 κορδακισμός,

79 3205 239 3258 quamquam
256 3192 379 3263 πυρρίχη
395 3186 544 3259 ἐμμελείας
554 3189 620 3248 ,loco
638 3202 672 3242 ex
688 3185 789 3256 lyricae
803 3181 954 3240 saltationis
967 3185 1107 3252 generibus
1124 3202 1221 3257 perpe·

78 3290 136 3329 ram
153 3273 301 3329 substituta
317 3280 370 3341 est,
390 3273 425 3328 ci.
444 3275 635 3328 Aristoxenum
653 3270 726 3340 apud
742 3270 841 3324 Athen.
859 3269 877 3324 l.
896 3267 961 3324 XIV
972 3286 999 3338 p,
1013 3271 1105 3337 631⁰<¹‚
1123 3272 1221 3341 Bappii

79 3359 186 3412 dissert.
196 3357 214 3410 l.
224 3357 242 3411 l.
252 3374 280 3426 p.
290 3362 323 3412 96
332 3359 403 3424 (adn.
416 3361 439 3425 1)
453 3361 481 3413 et
492 3362 533 3413 91.
560 3356 628 3411 (lum
639 3357 699 3426 ipso
711 3357 764 3410 hoc
781 3354 922 3410 Homerico
940 3354 1069 3410 Marionis
1087 3354 1221 3412 Cretensis

77 3440 201 3510 exemplo
224 3440 417 3508 quodammodo
440 3443 508 3498 haec
529 3455 636 3512 quoqne
659 3441 803 3496 cohaerere
826 3440 949 3494 videntur
970 3439 1126 3494 Aristoxeni
1148 3440 1221 3508 peri·

77 3525 190 3596 patetici
201 3525 274 3594 apud
285 3525 383 3582 Athen.
395 3526 460 3582 XIV
472 3544 499 3596 p.
512 3527 594 3582 caol:
612 3521 695 3584 ἄλλοι
707 3525 737 3582 δὲ
749 3527 867 3598 Κρῆτα
880 3523 993 3595 λέγουσι
1005 3518 1040 3579 τὸ
1053 3521 1136 3595 γένος
1148 3519 1220 3581 εἶναι

79 3614 221 3668 Σίκιννον.
253 3601 388 3682 ὀρχησταί
405 3608 433 3668 δ’
445 3609 473 3668 οἳ
485 3614 630 3684 Κρῆτες,
648 3599 688 3674 dg
700 3627 784 3680 φησιν
798 3600 995 3680 Ἀριστόξενος.
1025 3607 1102 3662 Hanc
1115 3609 1220 3672 Aristo·

77 3695 140 3750 xeni
156 3695 307 3750 docuinam
324 3695 397 3764 apud
414 3696 511 3749 Athen.
522 3694 537 3748 Ι
548 3711 575 3763 p.
589 3697 640 3748 20⁶
658 3709 720 3750 cnm
737 3693 775 3748 cis
793 3707 862 3761 qnae
879 3691 913 3746 de
929 3691 1055 3762 Bathyllo
1073 3698 1101 3746 et
1117 3692 1219 3764 Pylade

78 3779 250 3834 saltatoribus
262 3779 422 3848 produntur,
440 3777 575 3833 Aristocle
586 3777 703 3832 tortasse
719 3776 765 3831 hic
777 3791 883 3846 quoque
895 3775 965 3830 inter
976 3781 1119 3846 utrumque
1135 3778 1218 3834 inter·
1310 3787 1313 3792 ’

79 3865 189 3920 cedema
206 3879 240 3918 ex
251 3864 363 3919 Seleuco
380 3864 410 3918 in
426 3861 690 3934 dipncsophistarnm
707 3875 843 3916 sermones
854 3865 990 3929 receptam
1002 3876 1062 3917 esse
1079 3863 1219 3932 probabile

78 3951 119 4003 est
134 3947 180 4015 (cf.
188 3949 275 4019 Bapp.
288 3948 317 4002 in
329 3964 425 4004 comm.
437 3947 519 4002 Ribb.
530 3962 557 4016 p.
569 3949 618 3999 163
628 3949 704 4014 squ).
732 3943 811 4000 Unde
823 3945 940 4014 suspicio
952 3946 1071 4001 excritur
1081 3946 1143 4001 libri
1154 3947 1219 4002 XlV

80 4033 167 4102 capita
179 4034 285 4102 quidem
298 4037 330 4087 28
341 4047 426 4100 nsque
438 4030 472 4086 ad
485 4034 526 4098 30,
544 4045 613 4098 quae
626 4029 754 4085 continuo
765 4029 860 4086 ordine
872 4029 906 4086 de
917 4029 1104 4086 saltationibus
1116 4035 1219 4086 suntet

10 4187 11 4208 ρ
128 4135 244 4187 Leipziger
258 4136 359 4178 Studien.
381 4133 418 4175 x1.
1017 4117 1048 4167 12
