3018 4736
306 286 365 346 138
746 286 882 342 Robertus
899 283 1000 340 Weber

305 460 469 528 doctrinae
490 461 546 527 ille
574 461 719 544 ignarum
742 461 870 526 omnino
893 478 927 526 sc
949 458 1091 542 praehet.
1134 457 1217 523 Nam
1240 455 1452 524 Aristarchus

304 559 416 648 μολπή
432 581 546 631 vocem
560 583 715 646 nusquam
731 561 772 628 de
787 567 881 628 cantu
897 561 1015 627 dictam
1029 579 1099 627 esse
1114 561 1226 643 voluit,
1246 557 1304 626 sed
1319 580 1453 645 semper

306 666 347 732 de
361 664 449 750 ludo,
471 665 611 730 maxime
632 664 810 730 saltationis
831 664 912 730 lusu.
945 663 1035 732 Haec
1050 664 1161 729 volunt
1175 662 1291 728 verba:
1313 660 1452 746 μολπῆς

307 765 342 833 δὲ
355 757 437 831 ’ἀντὶ
460 767 518 830 τοῦ
534 763 673 841 παιδιᾶς
695 765 782 850 apud
797 764 1006 832 Athenaeum.
1040 763 1236 843 Quibuscum
1258 764 1364 848 ipsius
1381 763 1451 828 Ari-

306 870 419 937 stonici
442 869 541 934 verba
562 867 669 934 confer
691 867 734 934 ad
757 865 862 945 {1012
887 867 1000 930 πᾶσαν
1023 861 1164 931 παιδιὰν
1185 859 1319 950 μολπὴν
1346 863 1459 948 λέγων·

307 978 339 1038 et
358 971 400 1037 ad
416 973 521 1055 ipsum
535 971 640 1038 locum
661 967 747 1035 619:
771 963 823 1034 ὅτι
839 959 876 1033 οὗ
892 964 950 1053 τὴν
971 959 1059 1054 ᾠδὴν
1075 960 1158 1032 ἀλλὰ
1174 963 1233 1032 τιν
1248 970 1415 1051 παιγνίαν
1432 970 1452 1045 1)

307 1073 393 1158 λέγει
409 1069 493 1138 οὕτω
508 1077 563 1152 (ιο.
578 1069 722 1157 μολπήν)
737 1071 804 1136 κτλ.
827 1071 877 1150 (ci.
893 1070 1096 1137 Friedlaend.
1110 1070 1153 1138 ad
1167 1070 1307 1136 Ariston.
1323 1068 1365 1132 A
1377 1074 1450 1134 474.
1490 1065 1491 1108 3

305 1175 416 1242 Lehrs.
438 1175 459 1240 l.
475 1177 496 1241 l.
519 1196 551 1259 p.
570 1177 639 1250 138)
650 1177 683 1248 λ).
731 1174 888 1240 Perversa
919 1173 1015 1256 igitur
1044 1179 1092 1239 est
1119 1171 1255 1238 Brunlrii
1287 1173 1450 1238 sententia

307 1281 349 1361 (p.
365 1280 415 1342 30.
432 1278 494 1361 31),
518 1277 604 1360 qnod
624 1275 718 1342 huius
733 1276 836 1342 libelli
856 1281 966 1341 auctor
981 1275 1031 1342 his
1047 1274 1153 1341 verbis
1175 1272 1308 1358 μολπῆς
1324 1263 1358 1336 δ’
1375 1263 1448 1337 ἀντὶ

305 1379 364 1442 τοῦ
384 1376 525 1452 παιδιᾶς
546 1379 720 1463 impugnet,
743 1397 825 1462 quae
848 1377 950 1444 critici
971 1380 1081 1444 contra
1094 1373 1272 1452 Aristarchi
1295 1374 1448 1442 mendum

307 1480 548 1563 disputaverint.
586 1477 689 1558 Quem
710 1485 881 1546 tractamus
903 1480 992 1546 locus
1014 1479 1244 1563 impugnatoris
1267 1477 1447 1546 Aristarchi

307 1583 446 1650 cuiusvis
462 1583 589 1649 omnino
605 1582 760 1648 rationem
779 1602 843 1648 non
865 1580 971 1664 hahet,
994 1580 1051 1647 sed
1074 1600 1114 1646 ea
1127 1581 1228 1647 verba
1249 1581 1353 1664 ipsius
1376 1587 1448 1648 sunt

307 1683 493 1752 Aristarchi.

391 1787 537 1869 Denique
565 1791 651 1852 recte
683 1786 818 1851 fortasse
845 1789 1082 1869 comparantur,
1115 1803 1197 1866 quae
1226 1783 1268 1851 de
1296 1785 1446 1851 tibiarum

307 1889 605 1955 commemoratione
623 1886 823 1971 proferuntur
838 1885 925 1970 apud
940 1883 1054 1950 Athen.
1070 1885 1103 1949 in
1119 1905 1144 1950 c.
1157 1887 1198 1949 28
1212 1906 1245 1969 p.
1257 1890 1315 1951 16⁸
1331 1887 1380 1968 (fr.
1394 1890 1445 1963 42)

307 1995 339 2056 et
360 1989 531 2056 Aristonici
560 1987 603 2054 ad
624 1992 652 2050 Σ
667 1991 728 2053 495
750 1987 845 2054 haec:
876 1977 930 2052 ὅτι
952 1983 1074 2052 ἐνθάδε
1096 1983 1198 2067 μόνον
1219 1987 1274 2052 καὶ
1297 1984 1331 2053 ἒν
1353 1989 1394 2072 τῇ
1417 1994 1447 2052 K

307 2093 470 2177 μέμνηται
500 2081 617 2169 αὐλῶν,
648 2095 679 2155 et
703 2089 745 2154 ad
769 2093 800 2152 K
817 2092 855 2153 13
877 2089 972 2156 haec:
1001 2084 1053 2153 ὅτι
1081 2083 1204 2153 ἐνθάδε
1224 2089 1280 2154 καὶ
1303 2085 1361 2156 ἐπὶ
1389 2092 1445 2176 τῆς

212 2223 219 2236 ·
304 2186 526 2268 Ὁπλοποιίας
547 2193 613 2256 τῶν
637 2181 744 2255 αὐλῶν
766 2192 929 2277 μέμνηται
952 2194 992 2271 (Σ
1005 2191 1087 2268 495).
1122 2191 1314 2274 Hucusque
1335 2192 1444 2259 Fried-

308 2294 477 2361 laenderus
500 2294 645 2361 scholion
660 2294 840 2360 Aristonico
862 2294 980 2359 tribuit.
1025 2291 1115 2371 Quae
1137 2294 1224 2376 apud
1246 2293 1443 2360 Dindorfium

307 2398 340 2461 in
362 2396 475 2462 eodem
497 2396 619 2463 scholio
642 2403 803 2477 secuntur,
833 2393 887 2461 hic
914 2414 977 2461 non
1006 2395 1110 2460 locum
1139 2394 1273 2480 habent,
1303 2402 1376 2462 sunt
1403 2417 1442 2462 ex

308 2499 457 2564 interiore
480 2500 623 2581 margine
645 2498 761 2580 partim
782 2502 909 2580 sumpta
937 2496 987 2572 (ci.
1011 2495 1107 2562 Dind.
1130 2496 1225 2574 adn).
1270 2497 1331 2563 Rei
1358 2505 1441 2565 recte

307 2597 549 2682 perspiciendae
564 2597 721 2663 Dindorfii
737 2597 828 2663 obest
843 2597 951 2663 editio.
985 2598 1108 2664 Tamen
1122 2599 1237 2681 quihus
1259 2619 1331 2665 cum
1346 2599 1440 2666 Athe·

307 2719 388 2766 naeo
403 2700 507 2766 simile
522 2700 644 2783 aliquid
667 2697 844 2781 intercedit,
868 2697 901 2763 in
916 2699 1026 2765 ultimo
1042 2699 1163 2767 scholio
1185 2701 1332 2784 leguntur
1348 2700 1439 2768 haec:

307 2798 532 2889 ἒσημειώσατο
556 2799 591 2866 δὲ
615 2797 670 2866 διὰ
692 2802 751 2865 τοῦ
773 2793 851 2885 ἤχου
874 2794 926 2865 ὅτι
952 2797 1046 2886 παρὰ
1067 2813 1138 2877 τοῖς
1164 2799 1346 2888 βαρβάροις
1377 2800 1439 2888 ἐγι-

305 2902 447 2969 νώσκετο
470 2900 511 2968 τὰ
534 2895 657 2988 ὄργανα
678 2904 792 2967 ταῦτα.
836 2903 938 2988 Magis
967 2905 1062 2996 etiam
1088 2903 1150 2971 huc
1172 2905 1332 2989 pertinent
1360 2926 1438 2989 quae

304 3009 336 3072 in
358 3007 479 3074 Ven.B
502 3006 545 3072 ad
566 3010 595 3068 Σ
608 3009 669 3071 495
692 3011 819 3072 exstant
846 3025 887 3072 ex
909 3007 1054 3074 versibus
1076 3010 1108 3069 Κ
1124 3010 1237 3090 11sqq.
1260 3005 1439 3092 desumpta:

306 3105 399 3195 Φρὺξ
420 3102 437 3172 ὁ
463 3100 562 3183 αὐλός
663 3109 718 3172 καὶ
741 3098 879 3191 ὅτιγὰρ
902 3108 1149 3194 νοκτηγρετοῦσι
1175 3108 1302 3191 Τρῶες,
1326 3099 1439 3174 αὐλοῦ-

392 3278 415 3340 1)
432 3274 530 3342 Aptius
548 3273 599 3341 lagi
617 3278 743 3342 putamus
762 3268 875 3330 παιδιάν
892 3273 943 3327 hoo
961 3289 1066 3343 quoque
1083 3274 1152 3328 loeo.

389 3366 414 3426 ⁶2)
432 3359 521 3412 Paene
543 3359 664 3426 sequitur
681 3373 714 3411 ex
731 3358 783 3412 hac
800 3359 914 3412 lectione
935 3362 1046 3430 μολπῆς
1067 3356 1237 3430 ἐξάρχοντες
1259 3358 1438 3415 Aristarchum

305 3445 466 3515 expunxisse
485 3473 518 3482 -
536 3441 660 3496 nimirum
678 3458 733 3496 non
750 3441 880 3497 delevisse
897 3473 930 3481 -
947 3457 1068 3496 vasum:

701 3522 774 3596 μετὰ
792 3526 822 3584 δέ
839 3545 906 3596 σφιν
922 3525 1060 3596 ἐμέλπετο
1078 3532 1159 3594 θεῖος
1176 3520 1275 3593 οἷοιδός

508 3614 656 3685 φορμίζων
690 3617 768 3676 (dli)

305 3697 514 3766 exposcerem
531 3697 605 3751 verbi
630 3713 681 3752 usu
703 3698 772 3755 male
789 3697 833 3752 hie
851 3696 980 3752 adhibito.
1015 3696 1092 3765 Quod
1117 3697 1239 3751 nimirum
1255 3695 1436 3754 Dioscuridem

305 3798 360 3837 non
371 3782 515 3852 impedivit,
533 3797 566 3836 ne
578 3786 729 3837 enarraret:
742 3775 803 3838 ‘aul
821 3777 899 3855 παρὰ
914 3779 1052 3858 Μενελάῳ
1069 3780 1207 3851 ἐμέλπετο
1226 3787 1306 3848 θεῖος
1323 3779 1435 3851 dcsddc‘,

306 3882 467 3935 quamquam
483 3867 512 3920 in
531 3869 628 3921 ceteris
644 3867 831 3922 Aristarchum
854 3873 972 3923 secutus.
1006 3867 1068 3922 AHa
1084 3867 1113 3921 in
1130 3867 1181 3922 huc
1197 3883 1227 3922 re
1243 3883 1261 3921 a
1278 3867 1340 3923 viris
1356 3869 1435 3926 doctis

306 3951 418 4005 multum
435 3953 553 4004 tractata
575 3951 620 4006 hic
638 3967 692 4006 uon
711 3968 844 4007 curamus.
876 3951 910 4007 ci.
928 3951 1066 4008 Ludvich.
1083 3952 1101 4008 l.
1114 3952 1131 4006 l.
1148 3953 1170 4007 1.
1189 3953 1223 4007 ad
1241 3955 1330 4008 2604
1346 3970 1370 4022 p.
1381 3959 1434 4024 439,

306 4037 341 4091 ει
358 4040 417 4092 ιιι
435 4052 462 4106 p.
474 4039 532 4090 suo.
1369 4067 1371 4072 -
