3018 4736
228 308 270 362 De
288 307 457 364 Dioscuridis
475 313 540 380 περὶ
557 314 618 370 τῶν,
633 303 701 384 παρ’
714 306 822 387 Ὁμήρῳ
840 309 937 382 νόμον
954 314 1053 371 libello.
1158 313 1216 372 147

159 479 348 564 Priusquam
370 487 476 548 autem
499 483 541 548 ad
563 484 667 568 ipsam
689 483 773 551 hanc
794 505 862 552 rem
882 484 1083 553 efficiendam
1105 507 1217 571 aggre-

71 581 188 666 dimur,
209 582 299 648 aliud
314 581 392 666 quid
413 583 584 651 absolvere
598 605 730 654 necesse
746 587 923 654 estNam
937 586 1121 655 Athenaeus
1140 608 1217 671 quo·

72 702 140 767 que
160 684 192 749 in
212 684 233 748 l.
248 683 327 806 Xp
344 682 440 801 423³,
462 707 533 753 curn
555 686 712 772 Ulpianus
734 686 979 773 dipnosophista
1007 709 1138 773 puerum
1161 689 1217 754 ad-

72 785 261 852 monuisset.
298 781 371 867 ἐμοὶ
403 809 460 850 ουν
490 769 517 848 ai
544 798 611 852 παῖ
637 785 816 874 ζωρότερον
845 791 991 873 κέραιρε
1028 791 1217 874 ampliorem

72 886 320 970 disputationem
344 886 385 954 de
408 883 587 972 ζωρότερον
609 889 840 974 significatione
861 885 1011 974 inseruit,
1034 898 1066 958 et
1087 892 1179 958 solut'
1158 897 1216 956 t-1o

73 1009 149 1054 num
171 987 281 1054 ordine
304 989 366 1054 et
357 990 436 1074 rpsis
459 991 666 1058 enarrationis
688 994 796 1060 vorbis
818 991 1029 1059 Plutarcheae
1057 994 1153 1078 plane
1176 994 1216 1059 si-

73 1090 193 1174 milem,
215 1095 342 1157 auctam
358 1096 465 1157 tamen
480 1097 629 1174 quattuor
643 1095 835 1160 comicorum
851 1095 1040 1162 testimoniis
1063 1101 1095 1162 et
1112 1094 1215 1160 Theo·

72 1189 214 1273 phrastei
236 1191 311 1256 libri
332 1191 411 1276 περι
432 1193 541 1278 μέθης
563 1193 700 1277 quodam
717 1195 797 1262 loco.
836 1197 1006 1281 Excerpsit
1020 1195 1215 1278 Athenaeus,

72 1291 104 1356 id
129 1292 214 1376 quod
230 1291 429 1360 Schraderus
444 1294 465 1359 l.
481 1295 502 1358 l.
517 1315 549 1378 p.
567 1298 627 1359 375
641 1296 715 1362 adn.
734 1301 748 1360 1
773 1298 950 1364 rectissime
973 1297 1064 1380 vidit,
1093 1297 1215 1364 Plutar-

73 1393 185 1460 cheum
199 1394 374 1479 problema,
396 1397 486 1462 cuius
501 1397 703 1478 quaestiones
720 1399 904 1464 convivales
919 1399 1045 1465 fuerunt
1060 1400 1092 1464 in
1108 1418 1214 1465 exem·

72 1495 133 1579 plis
162 1497 248 1562 illins
271 1493 386 1573 (1152‘1
407 1496 579 1564 Plutarcho
608 1498 737 1565 budato
767 1497 882 1565 alludit
906 1499 948 1565 ad
978 1505 1098 1582 quaest.
1123 1519 1213 1566 conv.
1322 1515 1329 1532 ·

72 1597 195 1680 lero),
219 1597 309 1664 cuius
330 1599 517 1665 memoriam
539 1599 700 1666 iumento
722 1600 844 1684 habuit,
868 1620 939 1667 cum
961 1601 1043 1666 inter
1065 1599 1213 1684 dipnoso-

71 1698 194 1782 phistas
214 1699 421 1766 Plutarchum
443 1701 682 1784 grammaticum
704 1701 868 1767 induceret
890 1702 941 1780 (cf.
957 1701 1099 1768 Kaibelii
1114 1702 1213 1785 praef.

72 1800 112 1865 ad
135 1801 350 1883 vol.Ip.v1).
394 1801 508 1884 Neque
538 1821 600 1867 uno
624 1803 722 1869 verbo
746 1823 826 1888 opus
849 1808 947 1884 esset,
969 1803 1031 1868 nisi
1053 1803 1213 1870 Brunkius

71 1906 114 1982 (p.
132 1903 150 1964 3
165 1902 240 1968 adn.
259 1904 288 1981 7)
312 1903 353 1968 ob
369 1901 584 1986 Theophrasti
599 1905 815 1970 testimonium
832 1903 989 1970 Athenaei
1005 1910 1036 1970 et
1050 1903 1213 1971 Plutarchi

73 2005 158 2070 locos
179 2004 222 2069 ad
246 2003 382 2071 eundem
404 2007 524 2071 iontem
536 2005 730 2072 referendos
747 2024 817 2072 esse
836 2006 1019 2072 censuisset.
1058 2004 1212 2084 Quaeres

74 2104 268 2172 aPlutarchi
289 2106 323 2172 in
345 2107 527 2173 auctoribus
542 2104 734 2173 adhibendis
755 2107 887 2190 ratione,
911 2112 1061 2190 qnantum
1084 2106 1213 2190 quidem

76 2207 119 2271 ad
137 2206 193 2274 hos
215 2207 315 2275 libros
336 2209 485 2292 pertinet,
506 2207 603 2291 plane
619 2211 703 2272 esset
724 2207 838 2274 aliena.
875 2208 989 2291 Neque
1004 2209 1088 2273 euim
1111 2213 1211 2274 tanto-

77 2327 147 2391 pere
160 2307 203 2374 ad
226 2309 359 2375 verbum
375 2309 557 2376 exscribere
572 2309 654 2374 solet
675 2308 778 2374 fontes
795 2328 868 2374 suos
883 2308 1094 2392 philosophus
1110 2308 1211 2376 Ohae-

74 2410 242 2476 roneensis.
289 2409 355 2476 Sed
377 2411 410 2476 in
430 2409 601 2494 propatulo
628 2428 680 2475 res
703 2415 759 2476 est.
804 2409 1003 2477 Gomicorum
1029 2411 1212 2476 testimonia

73 2512 217 2577 nimirum
232 2511 417 2578 Athenaeus
439 2531 497 2578 suo
512 2511 613 2576 Marte
627 2509 762 2596 addidit,
785 2514 855 2579 sive
870 2531 912 2577 ex
926 2512 1040 2578 lexicis
1061 2512 1123 2578 sibi
1138 2531 1211 2596 sup·

72 2614 249 2696 petentibus
265 2613 472 2697 deprompsit,
497 2615 565 2680 sive
581 2614 773 2679 comicorum
788 2615 917 2681 lectioni
940 2613 1050 2679 debuit
1068 2613 1119 2690 (cf.
1136 2614 1212 2679 Vlll

13 2735 14 2744 ¹
74 2712 166 2792 335⁶).
203 2715 272 2780 Iam
287 2714 363 2780 vide
380 2714 605 2798 compilantem
622 2713 831 2781 Athenaeum.
869 2715 1010 2781 Nicerati
1031 2714 1118 2798 apud
1136 2715 1210 2780 Plu·

13 2805 14 2810 ’
71 2816 212 2883 barchum
235 2815 424 2882 sententiam
446 2815 488 2880 ad
510 2815 642 2880 verbum
665 2816 850 2898 exscripsit,
877 2816 940 2881 nisi
966 2814 1051 2896 quod
1072 2815 1210 2882 nominis

13 2907 14 2910 '
72 2918 138 2984 loco
166 2910 273 2991 ‘arrd-gv
298 2907 346 2980 δι’
377 2915 547 2982 substituit.
592 2913 685 2993 Quod
714 2923 820 2981 autem
842 2915 1004 2982 Plutarchi
1030 2908 1062 2980 ‘d
1092 2911 1130 3000 δὴ
1154 2917 1210 2979 και

72 3016 166 3101 lo'yov
182 3009 272 3097 ἔχειν’
298 3017 479 3082 immutavit
493 3016 526 3079 iu
545 3009 620 3101 (γὰρ
629 3063 727 3080 ......
736 3007 870 3080 ἄτοποι
892 3037 933 3082 ex
948 3015 1059 3082 indicii
1080 3017 1213 3082 licentia

71 3123 275 3202 factumest,
303 3119 366 3186 nisi
393 3117 499 3201 potius
528 3137 599 3184 curn
622 3111 957 3201 Schweighaeusero‘
962 3107 1025 3180 οὐκ
1051 3116 1211 3236 excidisse

70 3223 181 3288 mavis.
226 3220 370 3287 Subinde
392 3219 476 3286 enirn
499 3219 586 3304 apud
608 3217 812 3286 Plutarchum
834 3212 978 3303 legitur‘
983 3210 1040 3282 οὐκ
1062 3209 1208 3282 ἄτοποι.

13 3307 152 3390 Male
165 3341 242 3388 vero
256 3323 416 3406 excerpsit
426 3320 559 3388 Sosiciis
571 3321 763 3405 opinionem,
779 3320 865 3404 quod
877 3319 1071 3405 Empedoele
1080 3326 1211 3386 auctore

13 3420 172 3510 ζορός
193 3422 281 3490 idem
302 3428 386 3489 esset
406 3428 503 3504 atque
526 3415 697 3508 εὔκρατος,
722 3429 884 3506 comparat
885 3425 972 3488 ivum
997 3427 1103 3488 autern
1124 3427 1210 3486 stare

71 3526 199 3607 positivi
221 3525 293 3589 loco
316 3525 403 3589 velut
426 3521 589 3608 δεξιτερόν
610 3543 670 3607 pro
692 3514 809 3602 δεξιόν,
832 3520 1015 3609 θηλύτερον
1036 3541 1095 3604 pro
1109 3520 1207 3605 θῆλυ.

13 3679 15 3726 ,
73 3626 191 3705 Quibus
206 3623 294 3710 apud
316 3623 514 3691 Athenaeum
529 3624 723 3708 respondent
738 3623 833 3690 haec.
857 3618 951 3688 ι’ἰιοι
975 3618 1067 3686 δὲ
1032 3646 1069 3687 ro
1093 3645 1209 3707 εοκρο-

13 3727 14 3800 l
71 3752 125 3792 rev
147 3715 263 3811 οἵσπερ
291 3721 328 3789 τὸ
359 3715 569 3811 dcttrcpo'v’
551 3725 624 3789 αντὶ
646 3726 705 3788 τοῦ
728 3722 852 3808 δεξιοῦ,
881 3745 963 3808 quae
985 3726 1032 3791 sic
1056 3725 1123 3791 fere
1144 3744 1209 3791 non

73 3830 305 3912 intelleguntur,
328 3829 389 3894 nisr
380 3828 485 3894 forte
499 3828 723 3910 grammaticus
738 3826 794 3892 ille
809 3827 862 3910 epi
864 3831 998 3892 tornator
1013 3827 1096 3892 sexti
1110 3826 1207 3909 septi·

13 3959 14 3988 ι
73 3933 154 3996 nive
170 3930 290 3997 saeculi
311 3930 467 4012 integrum
481 3928 682 3994 Athenaeum
704 3929 869 3994 contraxit.
906 3928 1053 4009 Denique
1075 3925 1206 3992 s1Auti-

13 4059 14 4128 q
73 4033 152 4114 patri
166 4050 223 4098 sen
224 4031 354 4097 tentiam
371 4049 441 4096 cum
457 4029 622 4096 Athenaeo
638 4029 883 4112 comparaveris,
898 4027 985 4113 apud
1000 4026 1084 4093 hunc
1098 4045 1205 4109 super·

957 4129 1003 4179 ιο*
