3008 4734
313 277 372 337 106
756 281 891 337 Robertus
910 283 1009 338 Weber

310 447 367 518 διὰ
388 449 448 536 τὴν
470 449 504 516 ἕν
525 455 564 539 τῇ
591 455 680 539 μέθη
704 453 894 539 παῤῥησίαν
915 453 971 518 καί
992 451 1054 530 τὰς
1083 447 1228 532 άπειλδς
1257 454 1301 534 ἃς
1329 461 1475 544 Τρωσὶν

309 547 470 634 ὑπέσχετο
493 551 719 632 οἰνοποτάζων
742 556 851 634 (Υ84)
872 548 1099 636 ὑπομείναντα
1120 553 1180 642 τὴν
1197 549 1389 639 Ἀχιλλέως
1417 555 1475 646 ὁρ-

308 651 373 741 μὴν
400 657 456 721 καὶ
484 657 603 741 μικροῦ
628 653 938 738 παραπολλύμενον.
980 657 1035 721 καὶ
1058 648 1273 742 Ἀγαμέμνων
1305 659 1346 726 δὲ
1381 662 1475 746 λέγει

307 779 375 821 που
396 757 477 842 περὶ
499 751 601 822 αὑτοῦ
608 774 616 789 ·

269 877 284 927 5
414 857 489 930 ἀλλ’
516 863 591 932 έπεί
613 857 767 952 ἀασάμην
790 867 888 953 φρεσί
912 867 1103 954 λευγαλέῃσι
1125 869 1282 955 πιθήσας
1305 877 1341 949 (Ι
1358 878 1444 953 119)

412 957 434 1054 ἢ
457 966 537 1054 οἰνῳ
558 965 704 1051 μεθύων,
727 961 749 1054 ἢ
770 959 808 1049 μ’
834 965 986 1051 ’έβλαῳαν
1008 971 1086 1035 θεοί
1110 962 1214 1051 αύτοί,

308 1077 355 1155 εἰς
383 1076 442 1163 τὴν
466 1071 566 1163 αὐτὴν
587 1079 699 1154 τιθεὶς
727 1074 914 1161 πλάστιγγα
935 1076 994 1164 τὴν
1015 1084 1125 1166 μέθην
1147 1083 1189 1167 τῇ
1210 1087 1327 1168 μανίᾳ.
1375 1076 1470 1149 οὕτω

308 1178 343 1244 δὲ
371 1181 426 1245 καὶ
455 1177 496 1243 τὰ
526 1177 590 1266 έπη
618 1181 723 1243 ταῦτα
745 1181 969 1264 προηνέγκατο
991 1182 1302 1269 Διοσκουρίδης
1331 1177 1469 1252 δἸσο-

306 1278 446 1365 κράτους
477 1278 643 1366 μαθητής.
685 1281 741 1344 καὶ
770 1273 787 1345 δ
817 1271 985 1360 Ἀχιλλεύς
1016 1271 1047 1344 δ’
1079 1272 1249 1358 ὀνειδίζων
1279 1287 1330 1369 τηῖ
1360 1279 1469 1371 Ἀγα-

256 1392 284 1442 10
306 1385 445 1465 μέμνονί
467 1399 585 1468 φησιν·
611 1377 812 1467 (οἰνοβαρές,
834 1378 930 1458 κυνὸς
952 1373 1076 1466 ὄμματ’
1101 1374 1196 1462 έχων’
1222 1385 1274 1462 (Α
1288 1389 1380 1464 225).

818 1621 937 1687 XXVI.

392 1755 546 1832 (Athen.
569 1756 650 1821 XIII
668 1754 749 1820 556⁶
767 1749 959 1836 εθαυμάσαι
981 1747 1013 1817 δ’
1033 1747 1074 1818 άν
1095 1777 1147 1830 τις
1169 1756 1284 1842 (φησὶν
1299 1749 1463 1844 Ἀριστο-

306 1855 412 1942 τέλης)
441 1847 493 1921 ότι
524 1849 671 1938 ούδαμού
699 1858 758 1942 τῆς
781 1848 920 1931 Ἰλιάδος
940 1846 1085 1942 (Όμηρος
1118 1853 1258 1943 ἐποίησε
1286 1861 1462 1947 Μενελάῳ

308 1961 574 2042 συγκοιμωμένην
589 1955 778 2022 παλλακίδα
793 1958 880 2022 πάσι
896 1954 972 2032 δοδς
986 1969 1150 2041 γυναῖκας.
1177 1960 1363 2040 κοιμῶνται
1379 1967 1462 2046 γοῦν

307 2050 390 2144 παρ’
407 2051 496 2144 αύτῷ
511 2061 566 2126 καὶ
582 2059 614 2124 οἱ
629 2063 779 2144 γέροντες
800 2055 884 2139 μετὰ
898 2061 1069 2143 γυναικών,
1092 2061 1232 2144 Νέστωρ
1249 2061 1306 2126 καὶ
1324 2064 1460 2142 Φοῖνιξ.

255 2172 283 2222 15
307 2152 344 2226 ού
360 2157 422 2246 γάρ
444 2144 528 2248 ἦσαν
544 2153 637 2226 οὗτοι
660 2157 865 2242 ἐκλελυμένοι
886 2172 958 2236 τοῖς
981 2157 1132 2242 σιόμασιν
1155 2157 1188 2224 έν
1202 2173 1275 2238 τοῖς
1298 2165 1359 2248 της
1384 2165 1460 2231 νεό-

305 2285 403 2349 τητος
429 2260 561 2348 χρόνοις
589 2250 610 2348 ἢ
633 2257 689 2327 διδ
711 2265 819 2349 μέθης
844 2249 866 2348 ἢ
889 2253 934 2326 δι’
961 2253 1171 2348 ἀφροδισίων
1192 2250 1213 2347 ἢ
1235 2265 1290 2328 καὶ
1315 2263 1375 2330 διὰ
1399 2271 1459 2354 τῆς

306 2361 339 2428 ἰν
354 2376 428 2440 ταῖς
444 2359 648 2460 άδηφαγίαις
670 2355 832 2448 άπεψίας,
855 2355 942 2428 ὥστε
957 2361 1091 2439 εἰκότως
1113 2360 1275 2460 έρρωνται
1294 2369 1345 2451 τῷ
1358 2367 1457 2457 γήρᾳ.

201 2473 203 2479 ’
305 2464 410 2531 έοικεν
426 2461 483 2529 ούν
499 2459 515 2530 o‘
532 2463 746 2551 Σπαρτιάτης
765 2462 939 2529 αἰδεῖσθαι
960 2460 1103 2548 γαμετὴν
1120 2459 1222 2529 οὖσαν
1237 2462 1298 2552 τὴν
1310 2461 1456 2558 Ἑλένην,

304 2561 389 2650 ύπέρ
419 2557 459 2652 ἧς
486 2566 541 2630 καί
566 2562 625 2648 τὴν
648 2562 807 2648 στρατιάν
828 2559 981 2651 ἤθροισε.
1018 2563 1137 2651 διόπερ
1161 2563 1367 2651 φυλάττεται
1396 2570 1457 2659 τὴν

253 2681 283 2730 20
306 2663 392 2752 πρὸς
415 2660 516 2753 όλλην
538 2671 722 2732 κοινωνίαν.
756 2658 823 2732 ὁδ’
838 2659 1050 2751 Ἀγαμέμνων
1073 2661 1119 2743 ὦς
1140 2665 1363 2752 πολυγύναιος
1386 2669 1454 2741 ύπδ

309 2773 470 2855 Θερσίτου
494 2765 712 2853 λοιδορεῖται·

431 2877 549 2944 πλεῖαί
569 2902 624 2944 τοι
643 2878 764 2960 χαλκοῦ
786 2877 921 2958 κλισίαι,
944 2877 1068 2944 πολλαὶ
1092 2877 1128 2943 δὲ
1148 2891 1298 2963 γυναῖκες

431 2977 516 3046 εἰσὶν
539 2976 587 3046 ἰνὶ
608 2981 738 3066 κλισίῃς
760 2976 933 3065 ἐξαίρετοι,
958 2971 997 3056 άς
1018 3004 1072 3046 τοι
1092 2971 1221 3060 Ἀχαιοὶ

432 3087 610 3168 πρωτίστῳ
634 3081 768 3164 δίδομεν
789 3087 832 3160 (Β
846 3085 908 3146 226
921 3085 1012 3166 sqq).

252 3203 281 3254 25
305 3184 379 3256 ἄλλ’
406 3184 464 3256 ούκ
493 3188 580 3268 εἰκδς
613 3194 726 3279 (φησὶν
755 3185 1036 3276 δΆριστοτέλης)
1071 3187 1119 3266 εἰς
1148 3193 1264 3276 χρῆσιν
1294 3189 1383 3261 εἶναι
1412 3197 1449 3264 τό

391 3417 507 3494 Ilsqq.
540 3410 679 3477 Athen.
698 3411 715 3475 I
736 3408 793 3474 25f
813 3411 995 3491 κοιμῶνται
1017 3407 1053 3472 δέ
1074 3406 1158 3491 μετὰ
1180 3414 1342 3494 γυναικοῖν
1361 3411 1447 3504 παρ’

300 3507 431 3598 Ὁμήρῳ
455 3503 492 3576 ού
514 3509 617 3594 μόνον
639 3510 672 3576 οἱ
695 3513 772 3590 νέοι,
796 3502 955 3574 ἀλλὰκαὶ
977 3509 1010 3574 οἱ
1031 3513 1180 3597 γέροντες
1197 3511 1318 3590 Φοῖνιξ
1337 3539 1376 3581 τε
1393 3523 1449 3588 καὶ

303 3616 459 3697 Νέστωρ·
491 3610 583 3696 μόνῳ
612 3609 778 3697 Μενελάῳ
812 3603 849 3676 ού
877 3609 1083 3689 συνέζευκται
1114 3611 1191 3699 γυνὴ
1223 3611 1287 3680 διὰ
1311 3633 1449 3700 γυναῖκα

302 3711 445 3800 γαμετὴν
467 3707 681 3800 ἡρπασμένην
702 3710 762 3799 τὴν
785 3717 960 3799 στρατείαν
982 3716 1210 3800 πεποιημένῳ.

388 3931 535 3984 Δνστοοεε
564 3935 646 4000 9sqq.
674 3931 771 4000 Gorp.
796 3929 917 4000 perip.:
944 3929 1032 3984 Plut.
1056 3936 1186 3998 quaest.
1211 3947 1286 3988 conv.
1304 3933 1358 3989 V4
1379 3945 1445 4006 116,

12 4027 117 4248 μ
303 4015 468 4084 Porphyr.
487 4015 618 4072 ad1203
636 4013 681 4080 (cf.
699 4015 841 4072 Aristot.
860 4015 893 4069 de
910 4019 968 4069 arte
984 4017 1056 4083 poet.
1075 4031 1100 4070 c.
1113 4019 1164 4083 25).

41 4156 309 4408 ,Ἰ
