3018 4736
319 311 379 373 132
759 313 894 368 Robertns
912 313 1012 369 Weber

317 484 387 552 cod.
408 484 516 550 Amhr.
534 487 563 546 E
588 485 630 551 ad
651 490 744 569 γ441
770 485 811 552 de
840 476 954 564 οὐλῶν,
982 476 1166 566 οὗλοχοτων
1192 485 1226 550 in
1253 484 1446 552 immolandis

317 587 430 654 hostiis
445 585 671 653 consuetudine
688 585 879 671 explicanda
896 588 1084 671 inspexeris,
1107 607 1170 653 non
1185 586 1357 670 dubitabis,
1380 586 1447 668 quin

317 689 492 756 communis
519 687 589 754 fons
618 707 658 755 ea
685 686 945 772 suppeditaverit.
990 686 1053 766 Qui
1081 689 1151 772 quis
1177 688 1288 771 fuerit,
1316 707 1387 754 cum
1413 705 1447 751 ex

318 789 530 874 Theophrasti
552 791 693 873 nomine,
716 809 811 872 quem
833 788 968 855 eandem
989 809 1057 855 rem
1079 795 1111 856 et
1133 785 1167 854 ἐν
1188 790 1236 874 τῷ
1258 789 1338 874 περὶ
1360 781 1447 873 εὑρη-

316 889 429 974 μάτων
451 897 484 957 et
510 891 543 955 in
563 891 645 956 libro
667 891 746 975 περὶ
769 882 937 973 εὐσεβείας
965 897 1118 958 tractasse
1144 892 1294 974 exposuit
1316 891 1446 972 Bemay-

317 995 383 1060 sius
406 990 651 1074 (Ίλιαογλνονίοε
665 989 790 1074 Sohrifi
810 990 886 1054 siber
901 990 1125 1074 Frommqrec
1144 1012 1175 1075 p.
1193 996 1243 1057 40.
1259 995 1311 1057 41.
1327 997 1376 1057 54.
1391 994 1446 1074 55),

317 1101 383 1160 tum
412 1113 454 1160 ex
482 1113 586 1160 rerum
617 1092 725 1160 indole
757 1094 844 1160 facili
877 1095 1058 1160 coniectura
1082 1093 1217 1177 adsequi
1249 1095 1334 1160 licet.
1382 1093 1449 1157 Fuit

317 1195 559 1280 peripateticum
581 1194 662 1260 illud
677 1214 805 1278 corpus
826 1196 1013 1262 Homericae
1035 1197 1249 1280 complectens
1272 1196 1447 1276 solutiones,
1483 1269 1484 1274 .

318 1297 404 1381 qnod
431 1316 528 1380 supra
549 1299 591 1381 (p.
609 1298 681 1374 124)
710 1299 1041 1382 commemoravimus,
1071 1297 1154 1364 unde
1183 1299 1216 1364 in
1245 1296 1370 1364 scholia
1389 1296 1447 1360 llo·

316 1400 435 1465 merioa
461 1404 511 1465 sat
538 1398 638 1464 multa
665 1399 827 1465 transiisse
856 1399 938 1464 inira
959 1399 1105 1466 elucebit.
1149 1399 1228 1466 Cum
1251 1396 1447 1466 Aristarchea

317 1505 424 1566 autem
438 1500 560 1566 ratione
579 1499 697 1583 optime
713 1499 793 1566 haec
809 1499 991 1584 conspirant
1014 1500 1068 1581 (ad
1081 1522 1102 1585 γ
1113 1501 1201 1578 441):
1225 1499 1358 1584 λέγουσι
1377 1495 1445 1583 γάρ·

319 1599 410 1687 δίκην
426 1591 549 1685 ἇγρίων
571 1597 661 1679 ζώων
681 1601 737 1664 καὶ
760 1592 888 1684 άλόγων
904 1597 984 1678 έζων
997 1597 1035 1666 τὸ
1051 1597 1199 1666 παλαιόν
1221 1599 1254 1665 οἱ
1277 1595 1446 1686 ἅνθρωποι

318 1699 433 1768 διὰτὸ
458 1715 550 1768 σῖτον
570 1698 615 1787 μὴ
639 1697 724 1767 εἶναι
744 1693 823 1788 μηδ’
851 1696 931 1766 άλλο
953 1726 987 1767 τι
1009 1700 1131 1769 οἰκεῖον
1151 1715 1223 1779 τοῖς
1248 1693 1444 1787 ἀνθρώποις,

316 1801 459 1887 βοτάνας
482 1803 593 1868 δὲκαὶ
618 1797 700 1888 ι’ίκρα
723 1802 865 1889 δένδρων
883 1797 1017 1889 ἤσθιον.
1051 1800 1122 1870 εἶτα
1145 1801 1250 1892 ἐφάνη
1272 1799 1292 1892 ἡ
1317 1801 1445 1891 κριθή,

318 1903 355 1982 ἐξ
380 1896 420 1991 ἧς
452 1903 705 1992 διεκρίθησαν
735 1905 788 1969 καὶ
824 1904 1089 1992 διεχωρίσθησαν
1117 1905 1150 1972 οἱ
1179 1899 1360 1990 ἄνθρωποι
1390 1905 1445 1968 τιῦν

319 1999 447 2090 ἆλόγων
469 2003 560 2085 ζώων
578 2004 661 2070 κατὰ
676 2003 735 2092 τὴν
749 1999 877 2094 τροφήν
887 2011 920 2086 ¹).
957 2007 1060 2086 Quam
1081 2009 1362 2094 peripateticorum
1381 2006 1445 2072 doc

233 2157 246 2170 ,
317 2111 432 2176 trinam
455 2108 580 2175 videtur
603 2115 728 2176 secutus
750 2129 821 2176 esse
842 2109 1060 2193 Aristarchus,
1084 2115 1118 2176 ut
1139 2105 1254 2184 δαιτὸς
1276 2105 1367 2194 ἐίσης
1387 2113 1446 2191 ety-

319 2213 492 2295 mologiam
514 2217 547 2276 et
569 2211 817 2296 explicationem
839 2211 1076 2278 commendaret
1098 2217 1130 2277 et
1149 2210 1298 2278 firmaret.

403 2312 469 2380 Sed
496 2314 561 2378 iam
588 2331 758 2398 pergamus
787 2313 819 2378 in
848 2312 1024 2380 Aristarchi
1053 2312 1242 2379 Homericae
1271 2313 1445 2395 interpreta-

318 2417 413 2482 tionis
435 2415 537 2498 copiis
558 2414 800 2497 investigandis.

401 2517 534 2582 Prorsus
548 2515 753 2582 Aristarchea
767 2522 840 2581 sunt
854 2535 936 2598 quae
955 2515 995 2580 de
1009 2515 1151 2598 piscihus
1172 2515 1377 2581 comedendis
1397 2533 1445 2578 ex-

317 2618 423 2700 posita
451 2623 524 2682 sunt
550 2617 583 2680 in
605 2614 720 2682 Athen.
743 2637 770 2682 c.
787 2618 827 2680 22
849 2637 880 2700 p.
896 2613 992 2682 13“·(1
1019 2617 1068 2693 (ir.
1087 2618 1125 2679 12
1148 2637 1179 2700 p.
1195 2619 1246 2700 96,
1262 2620 1378 2699 5-1l;
1398 2617 1443 2694 97,

321 2719 455 2796 14-22)
477 2719 607 2784 remotis
629 2737 711 2801 quae
733 2717 795 2784 huo
816 2719 857 2784 ab
879 2718 950 2801 ipso
965 2717 1151 2784 Naucratita
1172 2721 1290 2786 inserta
1310 2723 1378 2786 sunt
1395 2716 1443 2793 (cf.

317 2820 436 2886 Brunk.
454 2821 474 2885 l.
487 2821 507 2884 l.
529 2825 594 2904 p.4
611 2820 684 2886 adn.
698 2821 739 2902 9),
763 2821 950 2903 quibuscum
971 2821 1192 2904 coniungenda
1214 2827 1287 2888 sunt
1307 2841 1339 2905 p.
1355 2814 1445 2884 262(ἰ

318 2925 366 3000 (ir.
385 2925 423 2988 12
445 2943 476 3008 p.
496 2924 547 3004 96,
567 2925 705 3005 15—173
734 2923 917 3004 97,1-13)
945 2929 978 2988 et
1006 2922 1220 3007 comparanda
1249 2943 1332 3006 quae
1360 2939 1446 3004 snpra

317 3027 444 3092 fuerunt
464 3046 496 3109 p.
513 3021 572 3088 9111
594 3025 701 3103 (11.2).
744 3024 828 3090 Nam
847 3025 1019 3095 Aristonici
1039 3025 1081 3090 ad
1097 3029 1136 3089 H
1148 3029 1208 3089 747
1231 3023 1293 3092 hoc
1313 3025 1446 3093 scholion

317 3127 437 3194 VemA
453 3132 515 3193 est:
538 3119 557 3210 ἡ
575 3123 678 3210 διπλῆ
694 3120 747 3190 ὅτι
762 3121 856 3203 ἅπαξ
876 3123 983 3212 εἴρηκε
996 3123 1114 3212 τήθεα.
1142 3125 1214 3191 ἔστι
1229 3125 1265 3191 δὲ
1280 3120 1368 3201 εἶδος
1387 3127 1446 3187 θα-

318 3227 465 3292 λασσίων
486 3217 649 3312 ὀστρέων·
679 3222 765 3311 πρὸς
788 3223 866 3304 τοδς
891 3224 1100 3310 χωρίζοντας.
1137 3228 1221 3312 φασί
1248 3225 1328 3314 γάρ·
1357 3221 1446 3309 ὁτῆς

313 3321 452 3405 Ἰλιάδος
467 3325 608 3414 ποιητὴς
623 3320 660 3392 οὗ
676 3325 874 3412 παρεισάγει
888 3324 965 3403 τοὺς
978 3324 1089 3413 ἥρωας
1102 3333 1290 3412 χρωμένους
1312 3327 1445 3412 ἰχθύσιν,

319 3424 336 3494 ὁ
349 3430 385 3496 δὲ
399 3432 457 3516 τῆς
468 3421 659 3505 Ὀδυσσείας
674 3428 706 3509 (ὁ
719 3432 791 3495 368.
808 3454 832 3511 μ
845 3433 915 3494 251.
928 3432 1045 3508 331)1).
1073 3431 1225 3508 Putamus
1238 3430 1446 3499 Aristarchum

405 3569 428 3626 1)
446 3563 521 3630 Quae
538 3577 573 3617 ne
586 3562 691 3632 abipso
709 3563 814 3630 quidem
826 3548 1013 3631 Theophrasto
1031 3561 1119 3617 aliena
1134 3577 1194 3618 esse
1211 3569 1242 3618 ut
1259 3564 1446 3635 comprobetur.

318 3648 402 3702 multa
424 3662 457 3702 ex
474 3647 613 3718 Bernayrii
635 3647 737 3716 egregio
754 3647 824 3702 libro
845 3650 960 3717 possunt
981 3646 1094 3710 adferri,
1119 3647 1154 3702 cl.
1173 3647 1301 3717 imprimis
1319 3665 1345 3718 p.
1359 3652 1397 3702 80.
1410 3649 1446 3700 81.

278 3786 281 3794 ,
319 3737 362 3788 96.
371 3736 402 3787 91
407 3774 413 3787 .
424 3735 456 3787 93
468 3732 501 3786 δε
514 3733 631 3786 omnium
642 3731 794 3787 animalium
806 3733 1006 3802 propinquitate
1017 3731 1063 3799 (ei.
1073 3731 1205 3788 Zellerum
1216 3735 1233 3787 l.
1243 3733 1261 3788 l.
1273 3733 1302 3787 H
1314 3736 1347 3788 2³
1356 3750 1383 3802 p.
1394 3735 1446 3785 851.

319 3821 392 3884 866),
410 3816 471 3870 alia.
500 3815 569 3871 Vide
587 3817 667 3871 etiam
684 3817 782 3872 Rohdii
803 3817 902 3872 librum
918 3817 976 3873 Ber
994 3816 1100 3874 Gmcch.
1119 3817 1225 3872 Roman
1245 3835 1273 3886 p.
1285 3822 1333 3874 291
1353 3818 1411 3873 adn.
1424 3817 1445 3868 2.

404 3905 429 3967 2)
447 3901 508 3954 Ηαε
519 3901 598 3955 etiam
609 3903 726 3970 pertinet
743 3901 864 3958 scholion
879 3904 915 3958 ad
931 3924 950 3958 ν
963 3906 1012 3958 124
1029 3903 1062 3958 de
1073 3901 1312 3972 Laestrygonibus:
1331 3902 1408 3975 ἰχθῦς
1422 3890 1445 3954 δ’

319 3980 358 4052 ιδς
375 3986 532 4058 πείροντες]
555 3989 640 4056 δῆλον
657 3987 686 4044 δὲ
702 3985 735 4044 ἐκ
752 3983 869 4052 τούτου,
894 3978 939 4044 δτι
956 3983 1060 4060 ᾔδεσαν
1077 3983 1184 4059 ίχθάων
1200 3984 1318 4060 τροφήν.
1349 3987 1446 4042 οίνιεῖον

319 4071 349 4126 δὲ
365 4064 381 4142 ἢ
400 4061 493 4134 εἰκών,
509 4067 571 4125 έπεί
588 4068 621 4126 ἐκ
637 4068 783 4144 θαλάσσης
799 4067 962 4144 ἐλάμβανον
974 4068 1081 4142 ἰχθύων
1096 4067 1208 4146 τρόπον
1223 4075 1272 4128 καί
1289 4067 1444 4143 κατήσθιον.
