3018 4736
259 285 322 346 152
710 279 846 334 Robertus
863 276 964 332 Weber

261 457 396 526 Hecuba
417 455 599 539 exemplum
620 453 761 519 medium
783 453 817 516 in
830 451 975 518 Nestoris
998 456 1030 516 et
1043 447 1229 515 Machaonis
1252 447 1450 512 insertum

262 561 361 628 fuisse
383 557 707 643 comprobaverimus,
731 555 801 638 quis
817 560 866 619 est
887 553 942 636 qui
957 551 1088 618 credat?
1110 551 1217 616 'lmmo
1233 571 1277 616 ex
1293 548 1452 616 eadem

263 663 320 728 illa
345 660 626 746 peripateticorum
655 656 800 724 doctrina
821 653 902 721 haec
924 655 966 720 ad
996 660 1164 736 utrumque
1184 656 1450 718 manaverunt.

263 765 344 830 Item
364 761 450 847 apud
473 759 687 844 Porphyrium
702 758 744 824 ad
759 763 798 822 A
813 761 875 822 624
898 756 939 822 de
953 757 1089 823 Nestore
1103 754 1275 821 Machaoni
1298 753 1450 820 saucio

264 865 447 932 Pramnium
468 862 577 928 vinum
598 861 795 927 ministrante
818 859 962 942 quaestio
984 859 1051 941 illa,
1074 864 1178 923 utrum
1200 857 1233 922 in
1255 857 1332 941 ipso
1358 873 1449 940 po·

264 965 362 1032 tando
377 966 466 1032 cibos
481 963 535 1029 edi
558 967 703 1045 oporteat
717 980 827 1044 necne,
850 960 1034 1044 diligentius
1050 967 1083 1026 et
1103 960 1204 1026 fusius
1226 959 1448 1044 exponitur,

266 1087 361 1152 quam
376 1073 411 1132 ut
426 1087 468 1132 ex
479 1064 670 1133 Dioscuride
682 1064 730 1139 (fr.
743 1066 783 1126 23
799 1083 830 1147 p.
844 1065 915 1147 104,
928 1064 1022 1140 2-0)
1038 1082 1097 1128 sua
1110 1061 1253 1128 delibare
1268 1061 1449 1145 potuerit

266 1168 473 1254 Porphyrius.
510 1167 581 1232 Hoc
603 1184 731 1249 quoque
752 1165 823 1231 loco
839 1170 973 1247 uterque
988 1164 1103 1230 eodem
1124 1164 1210 1230 fonte
1225 1183 1304 1229 usus
1320 1169 1390 1229 est.
1410 1166 1447 1240 1)

245 1295 248 1304 ’
350 1270 463 1335 Restat
482 1273 518 1333 nt
532 1267 745 1350 Porphyrium
767 1266 808 1333 de
823 1265 1002 1332 Homericis
1025 1267 1112 1332 cenis
1129 1267 1172 1332 ad
1192 1269 1221 1331 Θ
1237 1269 1278 1330 53
1301 1265 1445 1350 dispu-

266 1377 385 1438 tantem
408 1369 588 1436 audiamus:
618 1367 754 1433 δεῐπνον
784 1369 912 1454 λέγεται
934 1365 1049 1434 καὶτὸ
1074 1366 1110 1444 ἐξ
1137 1366 1284 1434 ἑωθινοῦ
1313 1360 1444 1453 ἀκρά-

265 1493 385 1555 τισμα,
415 1465 461 1547 rig
489 1473 545 1535 νῦν
574 1467 608 1536 ἐν
635 1482 708 1546 τοῖς
735 1472 966 1555 προκειμένοις
988 1473 1031 1551 (Θ
1046 1476 1097 1538 53.
1114 1471 1184 1556 54),
1205 1471 1263 1536 καὶ
1285 1467 1324 1536 τὸ
1348 1461 1437 1556 ὕφ’

266 1569 359 1660 ἡμῶν
382 1570 555 1658 λεγόμενον
578 1565 723 1657 άριστον,
747 1569 793 1649 ὠς
815 1569 849 1638 ἓν
870 1573 918 1657 τῷ

372 1659 456 1760 ἦμος
478 1673 514 1738 δὲ
537 1671 698 1759 δρυτόμος
720 1697 784 1758 περ
808 1667 888 1758 ἀνὴρ
911 1669 1107 1740 ὡπλίσσατο
1131 1673 1267 1739 δεῖπνον
1285 1677 1335 1753 (Λ
1349 1674 1434 1751 86).

268 1777 323 1842 καὶ
347 1774 450 1841 πάλιν
473 1769 609 1860 άριστον
630 1773 668 1839 τὸ
693 1767 897 1860 άκράτισμα·
1000 1823 1002 1827 ι

375 1874 548 1942 ἐντύνοντο
572 1870 708 1960 άριστον
731 1868 789 1959 ἅμ’
815 1871 870 1962 ἠοῖ
890 1880 1052 1960 κειαμένω
1074 1879 1141 1961 πῦρ
1164 1877 1203 1960 (π
1226 1881 1266 1956 2).

270 1995 415 2075 Quocum
437 1993 654 2079 Dioscorides,
676 2001 846 2080 postquem
861 1997 1079 2063 Aristarchum
1099 2004 1226 2064 secutus
1249 1996 1291 2063 de
1314 1995 1437 2062 tribus

269 2099 448 2166 Homericis
464 2097 550 2164 cenis
566 2099 756 2162 sententiam
772 2101 929 2182 exposuit,
952 2101 1114 2182 conspirat
1135 2101 1168 2164 in
1182 2100 1219 2164 lr.
1237 2101 1277 2162 20
1292 2118 1325 2182 p.
1346 2101 1437 2182 109,

272 2205 405 2265 10-14.
450 2200 557 2264 Etiam
579 2199 660 2264 haec
682 2201 803 2282 optime
824 2207 996 2284 potnerunt
1012 2203 1118 2267 locum
1134 2201 1253 2267 habere
1275 2202 1309 2265 in
1331 2202 1436 2284 peri-

269 2303 410 2387 patetico
425 2303 481 2367 illo
498 2320 605 2385 opere,
627 2301 712 2366 unde
727 2301 770 2366 ad
784 2308 952 2384 utrumque
967 2304 1181 2386 pervenerint,
1197 2303 1318 2386 quippe
1334 2323 1435 2386 quae

359 2505 383 2567 1)
402 2501 540 2569 Quomodo
553 2503 643 2553 autem
654 2500 706 2554 hee
724 2500 757 2553 de
769 2500 884 2554 Nestore
896 2507 923 2554 et
935 2501 1048 2555 Hecuba
1063 2501 1233 2556 narrationes
1250 2502 1325 2570 apud
1338 2503 1433 2558 Dios-

273 2587 391 2644 curidem
414 2587 579 2654 compositae
601 2583 711 2636 luerunt
727 2583 778 2648 ita,
802 2589 833 2638 nt
853 2585 908 2639 illic
925 2585 1057 2639 Homerus
1076 2587 1263 2642 commendare
1281 2587 1432 2642 videretur

272 2672 326 2727 vini
342 2685 434 2734 usum,
452 2670 496 2722 hic
513 2670 628 2734 reicere,
654 2667 747 2721 eadem
763 2669 867 2724 ratione
884 2670 938 2723 iam
955 2685 1010 2724 una
1031 2675 1165 2726 tractatae
1187 2672 1273 2726 fuisse
1290 2672 1431 2726 videntur

272 2756 302 2810 in
319 2769 433 2822 corpore
448 2753 493 2808 illo
512 2753 697 2822 peripatetico.
733 2752 802 2806 Nam
820 2755 892 2823 apud
910 2755 1089 2825 Porphyrium
1113 2773 1219 2826 quoque
1235 2757 1263 2810 in
1281 2761 1432 2825 quaestio-

273 2857 337 2896 num
354 2840 414 2910 ipso
432 2853 513 2908 opere
531 2837 594 2892 olim
611 2837 660 2890 has
674 2837 833 2892 coniunctas
845 2840 979 2895 exstitisse
997 2842 1137 2910 probabile
1155 2849 1203 2898 est.
1233 2842 1285 2907 (De
1303 2843 1432 2911 pristino

274 2926 461 2995 quaestionum
478 2923 571 2979 ordine
589 2921 624 2977 cf.
638 2921 778 2977 Schrader.
792 2925 810 2978 l.
820 2924 839 2978 l.
856 2925 885 2978 in
902 2926 1017 2993 praefat.
1032 2943 1058 2995 p.
1071 2945 1107 2982 rv.
1120 2932 1158 2994 v.)
1192 2928 1268 2995 Quae
1284 2927 1358 2983 enim
1377 2944 1433 2983 so·

274 3011 391 3066 lutiones
414 3009 450 3064 ad
468 3013 493 3066 Z
503 3012 551 3063 265
571 3011 599 3062 et
615 3014 642 3064 Λ
655 3011 705 3061 624
723 3023 795 3062 nunc
819 3012 975 3076 traduntur,
999 3027 1033 3064 ex
1055 3013 1150 3066 iisdem
1172 3013 1272 3080 partim
1295 3013 1431 3068 ridentur

273 3095 416 3165 prodiisse.
449 3095 494 3150 Sic
511 3094 546 3148 ad
558 3098 583 3150 Z
594 3096 642 3146 265
661 3093 688 3146 in
706 3093 796 3160 priore
808 3092 910 3148 scholio
927 3099 963 3162 lp.
979 3101 1036 3162 100,
1050 3101 1080 3150 21
1095 3096 1182 3162 Schr.)
1200 3099 1429 3164 legunturheec:

274 3176 291 3256 ἡ
308 3177 365 3255 γάρ
384 3175 477 3254 τροφὴ
495 3173 547 3236 σὺν
564 3181 606 3254 τῷ
624 3173 693 3252 οἴνῳ
710 3172 745 3235 τὸ
764 3182 900 3234 πλεῖστον
911 3175 1103 3252 συμβάλλεται
1120 3181 1160 3248 εἰς
1177 3179 1302 3252 δύναμιν,
1321 3173 1433 3260 ὥσπερ

273 3269 322 3323 καὶ
340 3258 466 3335 άλλαχοῦ
483 3258 561 3319 εἶπεν
580 3255 596 3318 ὃ
614 3257 732 3333 ποιητής
748 3265 777 3327 (Ι
792 3267 864 3330 106)

343 3351 425 3407 σλτον
441 3351 490 3402 καὶ
508 3343 608 3410 οἴνοιο,
626 3340 660 3401 τὸ
679 3341 735 3418 γὰρ
752 3348 839 3416 μένος
855 3346 915 3405 ἐστὶ
932 3353 981 3405 καὶ
998 3345 1068 3420 άλκή
1087 3350 1238 3417 (Diomedes
1256 3350 1393 3420 loquitur)

275 3437 324 3492 καλ
341 3429 427 3491 πάλιν
443 3435 480 3498 lh
492 3436 537 3486 161
549 3448 602 3500 sq,
621 3435 686 3484 sunt
702 3431 811 3496 Ulixis)·
862 3453 865 3459 ·

344 3513 377 3584 ὃς
394 3517 424 3574 δέ
440 3508 471 3573 κ’
489 3509 562 3589 άνὴρ
580 3512 672 3572 οἴνοιο
690 3512 905 3589 κορεσσάμενος
925 3521 973 3574 καὶ
990 3517 1093 3592 ἐδωδῆς

344 3594 462 3676 άνδράοι
480 3599 658 3670 δυσμενέεσσι
674 3605 745 3667 κτλ,

279 3687 437 3757 quibuscum
449 3686 617 3742 Dioscuridis
636 3685 759 3740 conferas
771 3685 805 3742 ir.
819 3690 852 3742 23
865 3704 892 3756 p.
908 3691 964 3748 104,
975 3690 1049 3742 6-0.
1085 3686 1143 3754 Quo
1160 3688 1296 3757 pertinent
1314 3704 1388 3756 quae
1400 3691 1434 3746 in

277 3770 426 3842 posteriore
444 3770 545 3824 scholio
563 3777 627 3826 sunt
644 3773 680 3840 (p.
693 3775 750 3838 101,
760 3776 790 3826 21
805 3763 904 3838 Sahal:
923 3767 941 3844 ἢ
960 3762 1005 3829 ὅτι
1023 3774 1086 3843 δίχα
1104 3777 1213 3846 τροφῆς
1229 3768 1352 3846 βλάπτει
1366 3780 1434 3834 τῶν

280 3852 388 3930 νεύρων
405 3851 640 3923 καθαπτόμενος,
659 3847 699 3922 τάς
716 3877 784 3930 φησι
801 3851 905 3923 Λύκος
935 3856 1009 3924 Quae
1021 3858 1119 3925 optime
1137 3857 1242 3912 demum
1260 3873 1293 3912 ex
1304 3860 1432 3917 medico-

280 3957 339 3997 rum
351 3938 455 3994 raticne
467 3938 635 4006 explicantur
647 3941 803 4010 quaestione
814 3941 849 3995 ad
861 3948 888 3998 A
899 3944 948 3994 621
960 3947 1072 3995 servata.
1101 3942 1212 3997 Omnem
1223 3949 1314 3997 autem
1326 3943 1431 4002 horum

281 4025 445 4082 scholiorum
463 4023 612 4078 doctrinam
633 4024 807 4097 Dioscurides
825 4027 904 4095 quasi
921 4026 1122 4095 comprehendit
1138 4025 1172 4080 ir.
1188 4030 1220 4080 23
1234 4043 1261 4096 p.
1274 4033 1333 4094 104,
1346 4032 1429 4087 2-5.
