3018 4736
226 322 273 377 De
289 322 457 378 Dioscuridis
474 327 539 396 περὶ
556 327 615 379 τῶν
632 317 700 395 παρ’
714 319 826 399 Ὁμήρῳ
844 317 942 396 νόμον
959 326 1058 382 libello.
1157 325 1218 384 179

56 493 253 578 peditavit,
283 494 352 562 sive
381 515 424 562 ex
445 495 563 579 Bappii
589 497 713 563 ratione
739 517 798 582 per
823 497 1015 564 Aristoclem
1036 499 1079 582 (p.
1098 499 1169 574 101)
1194 505 1227 566 et

58 595 270 679 Dionysium
293 596 335 680 (p.
355 599 426 674 149)
449 595 511 662 huc
533 597 625 664 illata
646 604 727 665 sunt.
764 598 880 666 Adhuc
901 600 1005 665 neutri
1025 599 1224 667 confidimus.

58 694 153 775 Quae
179 702 299 763 autem
322 696 539 764 Chamaeleon
560 718 591 782 p.
608 701 684 763 624³
705 699 838 784 protulit
853 702 873 778 ¹)
895 700 1048 767 lenivisse
1064 700 1225 768 Achillem

59 799 143 863 iram
176 796 331 866 citharae
358 799 430 866 lusu
452 800 479 878 (Ι
503 801 563 864 186
575 801 674 883 squ),
704 820 800 884 quam
829 819 871 867 ex
893 801 1036 868 Eetionis
1059 802 1171 886 spoliis
1193 803 1225 868 ei

59 900 242 966 tribuisset
269 900 443 984 Homerus,
478 921 549 968 cum
582 901 716 968 Pelidae
746 903 779 968 in
808 903 921 969 Dionis
949 903 1052 968 altera
1081 903 1224 971 oratione
1276 981 1277 1000 ρ

62 1001 226 1084 exemplo
250 999 471 1085 aliquomodo
494 1003 678 1086 conspirant
691 1025 722 1089 p.
740 1005 824 1070 82R
846 1004 893 1081 (fr.
907 1007 945 1068 41
962 1024 993 1087 p.
1013 1006 1083 1089 118,
1096 1005 1223 1083 7-12).

61 1101 340 1186 chrysostomum
362 1123 434 1170 cum
454 1105 487 1169 in
510 1107 654 1172 oratione
675 1105 805 1171 XXXII
833 1105 874 1172 ab
904 1103 1017 1172 cadem
1038 1107 1223 1192 peripateti·

63 1224 177 1270 corum
191 1203 344 1270 doctrina
355 1205 495 1289 pendere
507 1205 652 1274 Rchdius
668 1206 927 1291 comprobaverit
939 1209 984 1290 (p.
1001 1208 1051 1271 37.
1067 1209 1130 1291 45),
1149 1227 1222 1274 eum

19 1345 20 1350 =
62 1304 123 1371 hcc
148 1325 288 1390 quoquc
303 1305 439 1373 Achillis
455 1309 639 1392 exemplum
660 1308 735 1374 inde
751 1309 926 1392 sumpsisse
948 1308 1083 1374 fortasse
1099 1307 1222 1376 credas.

19 1415 20 1426 ³
64 1408 193 1474 Tamen
218 1427 262 1474 ne
283 1408 371 1492 apud
391 1409 617 1476 Dioscuridem
640 1409 769 1493 quidem
792 1409 854 1476 hoc
877 1410 1061 1492 exemplum
1082 1409 1222 1476 celeber-

64 1509 183 1574 rimum
208 1507 352 1577 defuisse
375 1511 550 1577 verisimile
572 1511 710 1594 videtur,
739 1510 824 1577 unde
846 1511 915 1577 eius
943 1511 1137 1576 mentionem
1162 1503 1240 1576 ini·'

66 1627 136 1676 core
161 1611 311 1696 potuerit
332 1609 440 1678 rhetor
462 1612 638 1679 Prusensis.
675 1610 860 1678 Dioscuridi
882 1616 989 1678 autem
1005 1611 1038 1676 in
1060 1610 1121 1678 hoc
1144 1631 1220 1695 quc·

68 1730 128 1792 que
152 1713 311 1796 exemplo
340 1713 518 1780 enarrando
539 1713 786 1798 peripateticum
808 1732 923 1796 corpus
945 1713 1086 1796 patebat.
1136 1713 1221 1780 Nam

67 1831 148 1894 quae
171 1812 267 1897 apud
281 1813 495 1898 Porphyrium
517 1815 550 1880 in
565 1813 626 1880 hac
647 1814 814 1880 tractanda
829 1815 1015 1898 quaestione
1030 1813 1085 1892 (ad
1099 1815 1115 1880 l
1132 1817 1220 1893 186):

70 1903 225 1996 ἀπρεπὲς
249 1911 339 1979 δοκεῖ
365 1912 685 1998 καταλαμβάνεσθαι
705 1912 923 2000 κιθαρίζοντα
945 1917 1024 1994 (scil.
1048 1914 1220 1995 Achillem)

68 2022 257 2098 supersunt:
287 2019 493 2099 παραμυθία
513 2013 577 2102 γάρ
598 2019 702 2082 ταῦτα
724 2019 837 2099 θυμοῦ
857 2017 914 2082 καὶ
936 2013 1044 2102 λύττης
1066 2016 1140 2084 hino
1162 2016 1219 2084 flu-

70 2117 154 2184 xisse
177 2113 315 2201 propter
335 2137 440 2183 rerum
461 2118 604 2185 indolem
625 2119 682 2185 vix
704 2120 848 2203 negabis.
885 2117 965 2186 cum
984 2119 1098 2186 Dionis
1113 2125 1220 2185 autem

70 2219 219 2286 omnibus
243 2218 294 2286 his
317 2219 424 2285 verbis
447 2219 494 2295 (ir.
511 2223 565 2295 41)
591 2218 675 2286 hanc
701 2219 874 2304 Porphyrii
903 2216 997 2285 λύσιν
1025 2220 1221 2287 concordare

71 2321 245 2388 concedes:
269 2316 340 2384 doct
364 2317 399 2383 δὲ
421 2321 493 2394 νέος
515 2320 571 2384 καὶ
593 2317 800 2406 φιλόμουσος
814 2319 870 2384 καὶ
892 2317 1041 2406 λάφυρον
1064 2317 1145 2401 ἔχων
1159 2316 1220 2405 τὴν

69 2418 228 2508 κιθάραν,
258 2421 313 2485 καὶ
343 2411 380 2485 οὗ
409 2418 621 2510 θηλυδριώδη
649 2421 731 2508 μέλη
762 2412 847 2484 ἀλλὰ
875 2420 954 2486 κλέα
982 2413 1111 2507 ἀνδρῶν
1134 2414 1218 2508 ᾄδει.

72 2517 158 2596 Quae
182 2528 294 2589 autem
313 2523 489 2590 Aristarchi
513 2524 564 2606 (cf.
586 2524 726 2590 Ariston.
749 2521 911 2601 ad1188)
934 2544 1006 2590 cum
1028 2522 1091 2590 hcc
1104 2523 1217 2590 Dionis

71 2622 138 2690 loeo
161 2625 320 2708 Hagenus
352 2626 531 2709 composuit
553 2626 586 2705 (l.
601 2627 623 2692 l.
638 2647 670 2710 p.
687 2626 751 2708 55),
782 2625 828 2692 eis
850 2625 995 2693 eiusdem
1022 2626 1217 2709 quaestionis

73 2726 161 2804 quasi
183 2726 303 2792 solutio
325 2726 452 2792 videtur
474 2728 638 2794 contineri.
944 2746 946 2748 ·

108 2829 110 2834 ’
152 2845 251 2912 (terto
274 2845 473 2911 Dioscuridis
495 2851 568 2912 sunt
590 2844 689 2909 verba
714 2843 802 2926 apud
823 2841 1024 2908 Athenaeum
1046 2841 1215 2926 p.11f(fr,

75 2945 110 3006 30
124 2967 156 3029 p.
175 2952 249 3030 110,
267 2949 313 3024 1):
343 2937 541 3026 εὐωχοῦνται
570 2943 606 3010 δὲ
635 2934 719 3028 παρ’
749 2937 878 3027 Ὁμήρῳ
908 2940 1110 3026 καθήμενοι,
1139 2943 1216 3008 item

73 3065 102 3126 p.
117 3045 184 3114 lif:
207 3045 406 3124 καθέζονται
428 3037 459 3108 δ’
479 3041 514 3110 ἐν
528 3058 600 3122 τοῖς
622 3043 832 3120 συνδείπνοις
853 3042 886 3107 οἱ
907 3039 1028 3128 ἥρωες,
1055 3035 1093 3108 οὗ
1114 3067 1216 3107 κατα-

74 3147 246 3227 κέκλινται,
270 3149 385 3232 quibus
406 3148 573 3214 transitum
595 3147 656 3215 sibi
678 3149 806 3232 paravit
826 3145 972 3230 sophista
993 3143 1036 3210 ad
1055 3145 1214 3228 quandam

76 3246 113 3312 de
134 3251 321 3318 Alexandro
343 3251 459 3334 Magne
487 3249 686 3316 historiolam
708 3247 749 3313 ab
771 3247 895 3314 Duride
919 3252 1095 3328 narratam,
1118 3264 1223 3328 quam¹

76 3367 143 3416 cum
165 3354 213 3419 eis
242 3371 324 3434 quae
346 3358 503 3434 secuntur,
533 3371 574 3417 ex
599 3348 802 3434 Hegesandri
827 3348 1083 3433 hypomnematis
1110 3347 1214 3433 petiit.
1264 3381 1266 3387 =

77 3448 174 3520 Huius
198 3454 282 3518 enim
296 3453 532 3519 memorialem
554 3453 628 3518 trita
650 3458 698 3518 est
712 3450 799 3535 apud
813 3449 1030 3532 Athenaeum,
1052 3455 1087 3514 ut
1108 3449 1213 3532 ipsum

78 3551 105 3615 ei
126 3554 159 3618 in
179 3554 327 3620 manibus
353 3557 452 3620 fuisse
474 3553 667 3621 censendum
690 3553 740 3619 sit.
784 3550 878 3619 Unde
901 3551 998 3620 etiem
1018 3551 1052 3614 in
1074 3549 1140 3615 LV
1161 3569 1212 3616 ca·

63 3653 148 3734 'pitis
176 3659 216 3720 20
245 3654 659 3722 Aristarcho-Dioscuridei
691 3653 817 3718 initium
845 3651 888 3718 ad
913 3649 1135 3717 Dioscuridem
1163 3669 1211 3716 re·

79 3786 272 3800 S...—

160 3892 184 3953 1)
201 3889 303 3942 cliniae
320 3887 498 3956 Pythagoraei
521 3891 549 3942 et
566 3886 679 3942 Achillis
698 3886 819 3954 exempla
841 3889 871 3936 ut
887 3883 1043 3938 Athenaeus
1067 3885 1210 3940 coniuncta

80 3970 181 4028 exhibet
197 3974 327 4028 Aelianus
343 3973 372 4026 in
388 3985 444 4025 aar.
457 3971 594 4027 hist.le
607 3975 648 4036 23,
666 3971 721 4025 sive
737 3970 869 4038 integrum
880 3968 1049 4024 Athenaeum
1066 3969 1121 4024 sive
1138 3984 1208 4024 com·

82 4067 180 4110 munem
198 4057 299 4113 iontem
316 4055 449 4125 expilant,
468 4055 556 4123 quode
573 4055 662 4112 adhuc
679 4053 779 4123 ambigi
795 4059 892 4124 potest.
954 4137 1007 4193 12*
