3008 4734
193 310 236 365 De
253 311 420 367 Dioscuridis
438 315 503 384 περὶ
520 315 579 368 τῶν
596 309 661 384 παρ’
677 303 785 387 Ὁμήρῳ
802 309 900 383 νόμον
917 311 1014 366 libello.
1133 310 1172 368 93

118 482 260 549 Athen.
282 481 379 549 124b
408 484 463 549 καὶ
492 482 617 561 δίσκοις
645 484 681 549 δέ
708 485 763 549 καὶ
790 479 955 560 ἀκοντίοις
981 481 1064 566 μετά
1086 505 1175 560 τινος

16 589 238 669 συμμετρίας
261 581 416 668 ἐχρῶντο·

165 693 326 760 δίσκοισιν
348 698 510 781 τέρποντο
531 697 586 760 καί
611 695 800 782 αἰγανέῃσιν
824 669 925 772 ἱέντες
946 694 979 774 (δ
994 699 1083 774 626)·

20 801 74 868 τὸ
99 801 162 890 γάρ
183 802 326 891 τερπνόν
347 803 406 890 τὴν
427 804 659 872 κακοπάθειαν
681 804 838 893 κουφίζει.

580 1028 632 1094 VI.

122 1144 373 1210 Athen.1240
393 1147 449 1210 καὶ
472 1143 530 1210 ἐπὶ
546 1149 718 1232 κυνηγέσια
741 1144 776 1210 δὲ
799 1143 924 1223 ἐξίασιν
947 1145 978 1210 οἱ
1001 1148 1070 1210 νέοι
1092 1142 1177 1231 πρὸς
1199 1164 1213 1212 5

20 1247 176 1332 μελέτην
204 1248 270 1311 τῶν
300 1247 488 1328 πολεμικῶν
516 1246 673 1313 κινδύνων
698 1249 753 1312 καὶ
782 1245 839 1312 ἐπὶ
867 1246 976 1333 θήρας
1003 1253 1176 1326 παντοίας,

25 1341 99 1434 ἀφ’
128 1341 174 1412 ὦν
203 1347 453 1436 ῥωμαλεώτεροι
479 1351 533 1413 καὶ
562 1343 776 1434 ὑγιεινότεροι
805 1348 985 1428 διετέλουν,
1021 1345 1087 1436 [ὡς]
1122 1341 1177 1415 ότε

19 1445 33 1469 ‘
44 1446 218 1536 πυργηδὸν
234 1453 340 1536 σφέας
362 1443 480 1527 αὐτοὺς
503 1443 678 1537 άρτόνουσι
692 1452 746 1516 καὶ
764 1442 875 1515 άντίον
892 1449 1062 1533 ἱστάμενοι
1085 1443 1177 1517 άκον-

30 1542 199 1629 τίζουσιν’
225 1554 281 1630 (Μ
294 1553 355 1629 43).

577 1673 646 1740 VII.

126 1787 376 1854 Athen.1240
404 1786 499 1854 ἰ’σασι
521 1788 633 1856 δὲκαὶ
662 1788 782 1874 λουτρά
805 1785 864 1876 άκη
888 1788 1001 1855 πόνων
1023 1801 1177 1868 παντοῖα,
1202 1809 1230 1860 10

29 1889 146 1955 κόπον
161 1889 220 1972 μὲν
234 1889 386 1976 θαλάττῃ
402 1889 542 1970 λύοντες,
564 1890 584 1978 η’
599 1891 744 1974 μάλιστα
758 1905 829 1969 τοῖς
845 1890 971 1975 νεύροις
986 1889 1056 1957 ἐστὶ
1072 1889 1178 1972 πρόσ-

32 2014 162 2077 φορος,
191 1985 416 2072 ἀναχαλῶντες
445 1992 480 2058 δὲ
501 2007 576 2071 ταῖς
597 1992 756 2078 ἐμβάσεσι
778 1993 838 2072 τὰς
859 1997 925 2060 των
946 1997 1037 2078 μυιῦν
1061 1992 1179 2058 συντά-

35 2117 126 2172 σεις,
157 2086 217 2158 ελτ)
245 2091 482 2180 ἐπαλείφοντες
511 2096 594 2160 λίπα
623 2095 709 2180 πρὸς
736 2094 847 2181 τὸμὴ
877 2095 1096 2180 ξηρανθέντος
1121 2099 1179 2161 τοῦ

32 2188 162 2272 ὓδατος
192 2187 487 2282 ἀπεσκληρυμμένα
515 2201 671 2281 γίνεσθαι
699 2195 740 2261 τά
764 2196 911 2280 σώματα.
949 2197 981 2262 οἱ
1009 2200 1086 2282 γοῦν
1109 2190 1177 2262 άπὸ

35 2300 101 2382 τῆς
124 2299 264 2382 σκοπιῆς
287 2293 530 2375 ἐπανελθόντες
549 2293 645 2385 ’ἱδρῶ
664 2296 789 2364 πολλόν
806 2292 998 2377 άπενίζοντο
1022 2297 1177 2385 θαλάσση
1203 2317 1231 2366 15

34 2397 167 2484 κνήμας
194 2391 253 2484 ἠδὲ
276 2397 380 2485 λόφον
404 2391 492 2488 άμφί
513 2423 549 2465 τε
570 2393 705 2486 μηρούς>
731 2405 775 2476 (Κ
795 2405 867 2466 572.
890 2403 969 2481 73.),
998 2402 1053 2466 καὶ
1076 2393 1180 2477 οότως

37 2494 270 2583 άναψόξαντες

173 2616 206 2695 ἐς
228 2612 258 2703 ρ’
278 2612 488 2702 ἀσαμίνθους
508 2619 626 2704 βάντες
648 2618 800 2698 ἐυξέστας
823 2619 993 2686 λοοσάντο.

170 2718 215 2784 τα)
240 2719 275 2785 δὲ
298 2722 507 2803 λοεσσαμένω
529 2724 585 2787 καὶ
608 2714 822 2804 ἀλειψαμένω
845 2714 918 2787 λίπ’
944 2720 1045 2809 ἐλαίῳ

171 2821 296 2908 δείπνῳ
319 2819 519 2910 ἐφιζανέτην.
556 2824 586 2900 (κ
601 2827 662 2888 576
671 2826 752 2908 sqq.)
1204 2845 1232 2894 κ)

39 3049 162 3128 μένους
187 3047 337 3119 Φαίακας
358 3043 413 3107 καὶ
434 3039 511 3117 τοὺς
539 3033 688 3118 άσώτους
714 3044 902 3129 μνηστῆρας
922 3042 1182 3127 γυμναζομένους

40 3145 181 3231 εἰσάγει.
214 3146 267 3209 καί
284 3143 407 3220 πόνους
428 3140 579 3226 μὲντοὺς
596 3135 768 3228 αὐτάρκεις
791 3141 917 3220 αἰτίους
939 3139 1062 3228 ὑγιείας
1084 3139 1182 3222 όντας

42 3245 181 3329 νομίζει.

132 3359 171 3422 10
185 3375 253 3439 sqq.
287 3351 410 3440 [Plus]
432 3357 486 3420 il.
509 3358 609 3422 &209
631 3355 685 3420 καὶ
704 3347 790 3420 ὅπου
813 3353 849 3420 δέ
871 3353 991 3441 λουτρά
1013 3358 1067 3422 καὶ
1087 3362 1180 3442 χρίσ-

40 3483 144 3543 ματα,
168 3452 214 3533 ὡς
236 3455 293 3521 ἐπὶ
314 3458 373 3521 τοῦ
389 3454 578 3541 Διομήδους
599 3456 654 3520 καὶ
671 3447 856 3534 Ὀδυσσέως
877 3455 912 3522 ἐκ
933 3459 991 3544 τῆς
1012 3483 1181 3546 νυκτηγερ-
1205 3480 1232 3529 25

41 3567 121 3637 σίας
137 3553 429 3641 ἀνακομισθέντων
445 3563 488 3634 (Κ
501 3562 562 3622 572
574 3561 665 3640 sqq.).
693 3559 749 3623 καὶ
770 3555 831 3642 γάρ
847 3559 921 3625 οἵαν
936 3551 1100 3646 ὠφέλειαν
1116 3559 1182 3644 ἔχει

42 3661 83 3726 τά
108 3657 233 3743 λουτρά
256 3657 312 3725 διά
334 3658 458 3725 τούτων
480 3651 625 3740 μάλιστα
648 3658 743 3744 δηλοῖ

130 3773 281 3856 θυμῆρες
301 3768 467 3856 κεράσασα
488 3765 572 3832 κατὰ
591 3767 710 3853 κρατός
731 3771 842 3834 τεκαὶ
866 3762 964 3852 ὤμων
985 3775 1015 3847 (κ
1031 3774 1114 3851 362).

149 3975 164 4024 7
184 3963 224 4034 ὡς
240 3969 291 4025 del.
305 3969 531 4024 Wiismowitzius.

134 4058 165 4112 18
175 4070 232 4122 sqq.
250 4069 343 4110 versus
359 4053 531 4109 restituimus.
