3018 4736
291 303 353 361 156
739 303 876 360 Robertns
894 305 994 360 Weber

270 493 273 498 '
297 473 501 562 φρονήσεως,
525 475 725 541 eradere
748 475 829 543 haec
856 484 941 544 sunt:
973 471 990 543 ὁ
1012 475 1073 560 μὲν
1094 476 1276 563 βιάζεσθαι
1300 479 1495 567 παρῄνει

297 627 368 644 ....
385 571 402 642 ὃ
420 575 456 641 δὲ
473 573 560 660 δόλῳ
577 576 764 659 μετελθεῖν.
798 579 893 646 Unde
904 575 1204 664 Schweighaeuseri
1219 583 1472 668 coniecturam,
1494 567 1495 650 λ

298 679 353 764 qui
376 677 462 764 λόγῳ
485 679 519 744 in
542 676 630 763 δόλῳ
653 679 741 764 apud
762 680 964 746 Athenaeum
986 683 1103 766 corrigi
1125 683 1240 767 voluit,
1264 684 1473 752 confirmari

297 783 411 850 lubens
435 780 601 852 concedes.
640 781 907 874 OumPcrphyrii
929 788 961 848 et
975 783 1175 850 Dioscuridis
1191 805 1368 852 consensus
1386 793 1471 852 tum

302 885 374 967 ipsa
395 883 442 948 rei
464 883 589 950 indoles
611 883 856 968 peripateticum
877 884 986 967 prodit
1008 903 1096 967 opus.
1252 869 1269 896 '

382 985 531 1069 Denique
547 984 633 1051 idem
648 985 729 1052 liber
745 985 791 1051 eis
808 985 934 1052 videtur
950 987 1187 1070 quodammodo
1202 987 1344 1072 subesse,
1367 1008 1470 1073 quae
1494 991 1495 1020 λ

295 1087 444 1170 leguntur
458 1107 489 1170 p.
505 1085 541 1150 93’
563 1088 611 1162 (fr.
630 1091 644 1152 1
664 1108 694 1170 p.
711 1091 764 1172 90,
778 1089 911 1171 18—21,
927 1109 958 1172 p.
972 1091 1022 1172 91,
1037 1091 1108 1165 th)
1133 1089 1174 1156 de
1188 1090 1333 1158 Nestoris
1350 1093 1467 1158 sacri-

296 1188 380 1272 ficio,
397 1190 451 1272 qui
467 1191 538 1272 ipsc
553 1211 624 1256 cum
638 1189 713 1256 filiis
728 1191 916 1256 mactaverit
930 1191 1029 1257 boves
1041 1184 1210 1274 ίβασιλεὺς
1224 1179 1270 1254 ὢν
1284 1191 1340 1255 καὶ
1361 1192 1467 1255 πολ-

281 1287 375 1377 λοὺς
390 1288 471 1370 ἔχων
487 1283 674 1377 ὖπηκόουξ.
710 1291 793 1356 Nam
816 1311 899 1375 quae
920 1299 1077 1376 secuntur,
1101 1292 1187 1376 quod
1209 1293 1464 1360 sanctissimum

297 1391 424 1475 diisque
439 1394 696 1476 acceptissimum
719 1393 799 1458 illud
822 1394 864 1460 sit
884 1393 1083 1478 sacrificinm,
1107 1393 1193 1478 quod
1214 1413 1273 1479 per
1291 1403 1463 1479 cognatos
1494 1401 1495 1490 j

299 1492 573 1576 amicissimosque
593 1495 649 1561 fiat
667 1497 763 1580 viros,
786 1501 937 1579 tanquam
953 1495 1118 1563 solutionis
1140 1497 1240 1562 instar
1254 1503 1329 1564 sunt
1351 1518 1460 1583 quae·
1494 1495 1495 1586 λ

297 1595 410 1662 stionis
425 1595 667 1681 Porphyriones
682 1597 736 1676 (ad
751 1621 770 1681 y
785 1602 954 1674 411.412):
979 1594 1034 1662 διὰ
1050 1601 1084 1662 ιλ
1099 1591 1116 1662 ὁ
1133 1601 1274 1683 Νέστωρ
1283 1597 1458 1681 Ιβασιλεὺς

297 1685 344 1762 ὢν
365 1709 438 1772 τοῖς
461 1692 562 1762 αὑτοῦ
584 1699 703 1764 παισὶν
727 1697 893 1764 ἐπιτέλλει
914 1697 955 1763 τὰ
977 1701 1043 1764 ταῖν
1066 1697 1192 1764 δούλων
1214 1700 1270 1764 καὶ
1291 1703 1359 1766 τῶν
1377 1695 1453 1766 ὑπὸ
1494 1695 1495 1770 λ

295 1811 407 1885 χεῖρα,·
433 1799 634 1884 Quamquam
649 1800 710 1868 hoc
720 1801 850 1884 quidem
865 1803 936 1868 loco
952 1801 1033 1868 haec
1047 1807 1185 1868 aetatem
1195 1822 1258 1868 non
1273 1805 1457 1880 tulerunt.¹)

385 1954 410 2016 1)
427 1949 556 2005 Eiusdem
569 1949 679 2018 originis
691 1951 769 2006 nobis
782 1951 905 2005 videntur
917 1965 984 2016 esse,
998 1967 1066 2022 quae
1078 1951 1151 2020 apud
1163 1952 1260 2006 Athen.
1271 1948 1374 2022 XIVp.
1385 1955 1456 2008 660¹>
1494 1903 1495 1988 3

297 2038 375 2090 sunt:
394 2038 442 2091 καὶ
461 2028 642 2106 Ἀγαμέμνων
654 2037 683 2094 δὲ
694 2030 766 2106 παρ’
780 2029 888 2112 Ὁμήρῳ
905 2032 968 2094 θύει
984 2033 1152 2109 βασιλεύων.
1181 2039 1248 2109 φησὶ
1265 2031 1322 2108 γὰρ
1336 2031 1352 2093 ὃ
1368 2057 1455 2110 ποιη-

293 2115 553 2192 mommr

500 2196 519 2277 ἦ
535 2209 584 2263 καὶ
601 2200 661 2264 dub
680 2202 843 2278 στομάχους
861 2199 958 2280 ἀρνῶν
975 2201 1047 2275 τάμε
1065 2205 1140 2277 νηλέι
1155 2209 1255 2281 χαλκῷ

297 2295 358 2347 κτλ.
377 2289 483 2344 ethaeo
495 2291 677 2361 potissimum:
696 2295 745 2348 καλ
765 2287 947 2366 Θρασυμήδης
960 2284 975 2346 ὃ
989 2295 1041 2347 τοῦ
1053 2290 1202 2364 Νέστορος
1212 2286 1273 2357 υἱὸς
1289 2285 1452 2366 ἀναλαβὼν
1494 2321 1495 2370 p

297 2376 417 2434 πέλεκυν
438 2372 542 2433 κόπτει
562 2371 615 2433 τὸν
636 2381 717 2450 βοῦν,
740 2375 802 2434 ἐπεὶ
825 2371 869 2432 διὰ
892 2369 926 2431 τὸ
951 2379 1040 2448 γῆρας
1064 2369 1080 2431 ὃ
1099 2375 1219 2448 Νέστωρ
1242 2369 1294 2433 οὐκ
1316 2373 1448 2435 ἐδύνατο.

300 2457 476 2518 συνεπόνουν
493 2461 523 2518 os
546 2456 625 2538 αὐτῷ
650 2466 699 2518 καὶ
717 2460 745 2518 ot
763 2457 845 2518 ἄλλοι
868 2454 994 2530 ἀδελφοί.
1034 2459 1087 2514 Sed
1104 2459 1147 2512 vix
1164 2475 1198 2514 ex
1215 2459 1374 2518 Dioscuridc
1390 2463 1448 2518 huc

297 2545 374 2598 illata
390 2545 522 2598 ridentur.
558 2545 628 2598 Nam
651 2545 759 2599 omnino
776 2546 806 2598 in
822 2543 864 2597 his
889 2543 1023 2610 capitibus
1046 2543 1080 2596 de
1098 2543 1191 2611 coquis
1209 2545 1338 2600 sacrificis
1354 2561 1445 2602 sermo

299 2635 350 2690 est,
367 2628 396 2680 in
414 2629 467 2682 hoc
485 2627 594 2696 quidem
617 2630 649 2684 de
666 2629 746 2683 huius
764 2628 831 2682 artis
847 2627 938 2696 prisco
955 2627 1064 2681 honore.
1100 2627 1176 2683 Haec
1193 2635 1286 2684 antem
1302 2631 1445 2685 Homerica
1494 2633 1495 2702 t

300 2712 423 2780 exempla
441 2726 600 2781 quamquam
618 2728 673 2767 non
690 2716 746 2768 tarn
757 2717 815 2767 arte
828 2712 973 2766 cohaerent
986 2726 1048 2765 cum
1064 2711 1130 2780 ipsis
1143 2713 1181 2768 eis
1194 2728 1263 2782 quae
1274 2714 1444 2782 antecedunt,

299 2802 390 2851 tamen
414 2797 492 2852 nobis
509 2797 554 2851 vix
579 2797 730 2868 separanda
746 2797 870 2852 videntur
893 2797 927 2850 ab
950 2810 1091 2850 censorum
1102 2797 1292 2854 ¹Romanorum
1314 2799 1445 2868 exemplo,
1494 2815 1495 2880 r

304 2883 377 2949 quod
394 2881 575 2949 subsequitur,
594 2881 692 2951 quippe
711 2885 756 2953 qui
773 2884 893 2952 ipsorum
904 2881 1118 2938 manuvictimas
1131 2882 1285 2937 ceciderint
1314 2883 1389 2950 Quod
1406 2885 1445 2940 ab
1494 2891 1495 2944 t

299 2965 460 3020 Dioscuride
477 2967 593 3021 alienum
611 2973 659 3023 est.
701 2967 802 3022 Contra
818 2967 871 3022 hoc
888 2967 947 3022 lccc
966 2967 1152 3023 Dioscuridem
1171 2971 1298 3034 putamus
1320 2967 1444 3024 Nestoris
1494 2945 1495 3040 λ

299 3051 450 3121 exemplum
466 3053 619 3120 protuhsse‚
638 3069 690 3121 quo
709 3069 781 3107 nunc
799 3053 872 3122 apud
889 3053 1057 3106 Athenaeum
1074 3055 1124 3108 est.
1160 3051 1212 3106 Ubi
1229 3067 1284 3106 non
1300 3058 1353 3106 tam
1368 3051 1444 3108 hanc
1494 3041 1495 3132 λ

299 3130 610 3208 λεεοιιισ“αὖτουργίαν’
623 3138 735 3201 curavit,
748 3153 827 3205 quam
838 3137 867 3191 id
879 3137 1051 3206 comprobare
1063 3129 1264 3191 volnit‘bcrem'
1275 3136 1442 3192 sacrificasse
1494 3137 1495 3214 λ

298 3237 388 3290 regem
406 3224 432 3276 et
445 3215 590 3278 ‘bubulae'
609 3223 697 3278 cernis
714 3222 804 3291 Pylios
821 3237 928 3291 quoqne
949 3222 1037 3278 edisse
1053 3223 1149 3276 heroas
1166 3220 1212 3286 (cf.
1224 3237 1252 3291 p.
1265 3221 1312 3289 99).
1345 3221 1441 3292 Neque

300 3321 369 3376 quae
391 3305 424 3360 de
440 3321 602 3376 praeconum
625 3307 699 3378 apud
715 3307 860 3361 Homerum
877 3306 1024 3360 ministerio
1047 3307 1100 3361 hoc
1118 3305 1250 3360 Athenaei
1273 3307 1361 3376 capite
1378 3313 1443 3364 sunt

301 3397 338 3460 (p.
350 3392 447 3460 660⁰d),
465 3391 617 3445 Dioscuridi
635 3391 790 3456 tribuimus,
811 3406 971 3459 quamquem
989 3391 1182 3458 quodammodo
1206 3397 1266 3446 cum
1288 3391 1388 3447 scholio
1404 3393 1442 3447 ad

302 3496 318 3532 c
338 3481 387 3532 319
407 3476 575 3532 conveniunt.
615 3475 719 3529 Eadem
743 3475 800 3530 fero
821 3477 848 3529 in
866 3477 884 3529 l.
901 3475 927 3528 X
944 3491 971 3544 p.
984 3475 1048 3528 425⁶
1070 3476 1109 3528 ita
1131 3475 1291 3543 interposita
1314 3481 1386 3542 sunt,
1408 3484 1441 3533 ut

303 3561 491 3629 disputationis
504 3575 613 3616 cursum
629 3561 826 3628 interrumpent
843 3559 889 3624 (of.
902 3561 987 3628 Bapp.
1000 3561 1029 3614 in
1041 3565 1181 3616 comment.
1191 3559 1271 3616 Ribb.
1284 3561 1302 3614 1.
1312 3560 1329 3616 i.
1341 3577 1367 3630 p.
1381 3565 1441 3630 260)

302 3645 395 3698 eodem
413 3645 547 3700 Gleidemo
565 3645 674 3700 laudato
692 3645 737 3710 (cf.
750 3645 857 3700 Mulier.
871 3645 902 3698 F.
912 3645 946 3698 H.
958 3644 990 3700 G.
1003 3645 1016 3698 I
1027 3648 1077 3699 359
1087 3651 1163 3714 sqq.),
1182 3646 1258 3700 cuins
1269 3649 1360 3714 partes
1377 3656 1441 3704 sunt

300 3731 329 3784 in
346 3728 389 3784 his
406 3730 539 3784 Athenaei
555 3729 651 3786 1.le
668 3730 801 3798 capitibus
814 3735 854 3785 79.
869 3734 909 3784 80.
