3018 4736
255 309 317 368 174
698 309 834 365 Robertus
853 310 953 364 Weber

255 487 289 548 et
312 481 451 548 Muhlius
464 483 499 565 ¹),
529 485 591 548 ista
617 500 743 566 qnoque
765 481 966 548 Dioscuridis
995 483 1149 548 memoria
1172 502 1212 548 ex
1234 481 1408 550 Plutarchi
1505 534 1506 570 ,

255 584 378 649 ratione
401 585 517 651 iniecta
540 584 621 650 hanc
642 583 961 667 remaliquantulum
984 585 1095 650 iuvare
1120 603 1215 667 posse
1238 590 1406 669 putamus.
1505 603 1506 664 5

340 685 448 751 Pauca
463 686 611 751 addimus
627 685 668 751 de
683 685 902 751 Plutarcho
918 694 1135 771 personato
1151 687 1287 752 libelli
1304 686 1407 769 περὶ

254 788 326 850 τοῦ
348 790 439 869 βίον
461 787 524 851 καὶ
547 789 617 871 τῆς
639 784 849 870 ποιήσειας
869 780 1038 873 Ὁμήρου
1062 795 1231 854 auctore
1252 795 1287 852 ut
1304 789 1405 853 Dios-

256 888 378 955 curidei
401 891 506 972 operis
522 889 709 972 expilatore.
747 886 849 965 Quem
863 888 986 954 affatim
1001 891 1157 972 spoliasse
1176 889 1260 956 hunc
1282 890 1405 955 librum

256 991 289 1055 iu
312 991 470 1074 capitibus
493 993 660 1054 205-209
690 991 910 1074 comprobavit
933 990 1092 1056 Brunkius
1115 992 1157 1074 (p.
1175 995 1273 1073 lllsq.
1298 995 1336 1054 17
1350 1009 1403 1072 sq.

255 1094 318 1175 21),
343 1092 457 1175 quibus
469 1085 519 1156 ‘ad
538 1088 740 1177 διαιτητικὸν
755 1095 854 1174 μέρος
868 1092 927 1173 τῆς
943 1081 1101 1174 taverna&
1120 1097 1279 1158 tractatur.
1312 1091 1405 1174 Ergo
1506 1146 1507 1160 .

254 1194 392 1259 feliciter
414 1199 583 1276 potuerunt
604 1192 767 1272 adhiberi,
790 1213 873 1275 quae
894 1192 936 1258 dc
958 1191 1088 1258 heroum
1111 1192 1243 1260 vivendi
1273 1193 1405 1258 ratione
1506 1191 1507 1218 ³

255 1303 320 1361 tam
350 1295 520 1378 diligenter
548 1297 727 1379 composuit
748 1295 964 1361 Dioscurides.
1009 1293 1074 1359 Sed
1097 1297 1193 1360 etiam
1221 1297 1254 1360 in
1280 1316 1306 1360 c.
1324 1297 1404 1378 210,

255 1416 318 1479 quo
348 1396 389 1462 de
412 1397 543 1462 Homeri
566 1397 727 1480 chirurgia
755 1417 858 1462 sermo
882 1401 930 1462 est
950 1430 992 1439 —
1008 1391 1139 1479 ἰατρικὰ
1166 1397 1293 1462 omnino
1316 1403 1403 1463 trac-

255 1505 361 1564 tantur
383 1501 415 1562 in
439 1500 596 1582 capitibus
611 1501 789 1580 auo-211,
812 1519 887 1562 nam
909 1497 1082 1563 dilucidam
1105 1518 1163 1582 per
1183 1505 1283 1563 totum
1306 1499 1398 1564 libel-

255 1601 321 1664 lum
343 1603 543 1684 persequitur
559 1601 614 1666 ille
629 1606 739 1666 auctor
754 1599 995 1682 dispositionem
1011 1634 1061 1682 —,
1084 1599 1269 1665 Machaonia
1288 1620 1402 1688 enem-

255 1702 345 1784 plum
368 1723 409 1766 ex
425 1703 615 1768 Dioscuride
638 1702 724 1784 apud
738 1700 854 1766 Athen.
870 1701 886 1765 1
900 1721 931 1785 p.
950 1705 1002 1764 10a
1024 1701 1071 1776 (ir.
1089 1704 1128 1766 23
1145 1722 1176 1784 p.
1195 1705 1264 1785 103,
1281 1705 1403 1783 6-15,
1507 1759 1508 1780 ,

255 1825 286 1888 p.
306 1805 375 1886 104,
389 1805 483 1880 2-6)
499 1803 722 1886 depromptum
738 1822 809 1868 esse
824 1808 982 1884 putamus:
1005 1797 1063 1865 τὸν
1079 1799 1114 1865 δὲ
1130 1799 1296 1882 Μαχάονα
1311 1827 1404 1888 τρω-
1507 1793 1508 1864 1

157 1911 160 1916 '
254 1906 361 1968 θέντα
384 1896 421 1968 οὗ
444 1901 588 1990 μεγάλην
611 1897 687 1968 οὐδὲ
714 1907 844 1987 καίριον
866 1899 993 1988 πληγὴν
1016 1899 1074 1968 ἐπὶ
1096 1904 1155 1967 τοῦ
1177 1897 1285 1985 ὤμου,
1310 1902 1403 1970 εἰκό-

253 2029 320 2081 τιος
349 1997 599 2092 ἆφολακτοτέρςι
627 2004 764 2090 διαίτῃ
792 2016 887 2070 ποιεῖ
917 2001 1099 2087 χρώμενον·
1133 2003 1215 2080 ἰὀιος
1248 2005 1304 2069 καὶ
1338 2003 1404 2090 τὴν

253 2110 367 2194 τέχνην
397 2100 496 2172 αὐτοῦ
527 2107 704 2173 δείκνυσιν·
736 2102 752 2172 ὁ
782 2099 1084 2191 palpabilitatis
1112 2105 1202 2186 ἔτυχε
1224 2105 1403 2172 διαιτώ-

254 2231 350 2292 μενο
358 2233 375 2285 ς
383 2260 391 2289 ,
405 2195 532 2275 ιἑαυτὸν
556 2207 678 2274 ἰᾶσθαι
701 2207 846 2274 ἐδύνατο.
888 2208 977 2287 Quae
999 2211 1032 2274 in
1055 2209 1116 2276 hoe
1139 2208 1268 2292 quidem
1291 2211 1402 2293 eapite

254 2318 404 2377 nontam
428 2333 485 2379 suo
507 2315 578 2379 loco
601 2321 689 2394 sunt,
714 2333 809 2396 quam
832 2332 928 2395 supra
949 2313 982 2376 in
1005 2332 1031 2377 o.
1048 2316 1109 2376 206
1132 2313 1273 2378 indicata
1295 2320 1401 2396 erant,

254 2409 377 2494 quoad
403 2412 666 2500 διαιτητικόν
689 2422 841 2497 quantum
863 2414 905 2478 ad
929 2415 1036 2478 vinum
1059 2416 1205 2497 pertinet,
1232 2415 1264 2478 in
1288 2414 1400 2498 dispu-

254 2516 407 2580 tationem
429 2523 576 2581 vooatur:
600 2507 694 2589 οὗτος
715 2513 776 2597 γάρ
793 2514 882 2577 ἐστιν
904 2508 1128 2597 ὁΠράμνειος
1151 2520 1206 2593 (sc.
1223 2509 1334 2592 οἶνος),
1359 2512 1401 2579 ὃν

253 2617 301 2698 τῴ
317 2613 475 2694 Μαχάονι
489 2618 682 2698 τετρωμένῳ
699 2613 836 2678 δι’ὁιοοιν
852 2616 902 2692 (cf.
915 2616 1030 2682 Athen.
1042 2618 1063 2681 l.
1075 2618 1106 2701 l.,
1122 2619 1159 2682 sr.
1176 2620 1238 2698 23),
1259 2616 1293 2682 id
1309 2617 1399 2699 quod

254 2718 327 2800 ipsa
340 2718 530 2782 narrationis
542 2718 641 2781 verba
652 2717 878 2782 demonstrant.
902 2717 1043 2783 Eandem
1061 2739 1137 2785 vero
1151 2719 1238 2803 apud
1253 2719 1399 2784 Pseudo·

252 2816 459 2884 Plutarchum
482 2838 575 2900 quam
591 2818 678 2901 apud
693 2818 891 2884 Athenaeum
907 2820 1007 2902 spirat
1028 2818 1088 2884 hcc
1104 2821 1285 2904 exemplum
1301 2813 1399 2883 εὐτα-

255 2917 337 2998 ξίαν,
361 2921 450 2986 ouius
472 2920 680 2985 illustrandae
703 2941 800 2986 eausa
822 2920 901 2986 illud
924 2922 1098 3004 protulerat
1120 2920 1336 2987 Dioscurides.

339 3023 420 3086 Tum
437 3041 478 3086 ex
494 3021 704 3088 Dioscurideo
719 3023 801 3087 libro
817 3021 898 3088 haec
913 3042 1039 3105 quoque
1055 3024 1193 3088 excitata
1207 3028 1288 3103 sunt,
1311 3041 1396 3106 qnae

254 3124 296 3190 de
311 3124 523 3208 Clytemestra
538 3128 570 3187 et
584 3123 832 3204 Agamemnonis
856 3131 983 3189 cantore
1005 3124 1037 3187 in
1053 3145 1079 3189 c.
1097 3127 1157 3188 213
1173 3123 1322 3206 exposuit
1337 3123 1396 3188 ille

252 3227 397 3310 scriptor,
427 3245 489 3307 quo
512 3225 708 3308 tragoediam
735 3225 776 3289 ab
799 3225 938 3290 Homero
961 3226 1114 3308 originem
1144 3226 1315 3308 sumpsisse
1338 3223 1395 3290 de·

254 3334 429 3394 monstrare
452 3325 566 3392 studet.
611 3326 702 3390 Haec
723 3330 829 3390 autem
852 3326 965 3392 eadem
987 3327 1108 3390 ratione
1127 3345 1203 3391 suae
1225 3326 1271 3390 rei
1294 3325 1395 3409 adap-

253 3431 344 3512 tavit,
360 3430 457 3510 velut,
480 3446 562 3510 quae
578 3447 674 3510 supra
690 3428 722 3490 in
739 3427 896 3509 capitibus
911 3429 1078 3490 205-210
1094 3426 1168 3492 inde
1184 3425 1394 3510 deprompsit,

253 3532 286 3594 in
302 3531 480 3596 medicinae
496 3549 585 3595 usum
601 3530 764 3594 convertit.
798 3527 880 3592 Nam
897 3533 1065 3611 postquam
1080 3527 1210 3593 Homeri
1223 3517 1392 3593 ‘dramata’

226 3633 294 3720 'ab
318 3633 401 3696 omni
430 3639 520 3713 parte
548 3631 676 3696 sublimi
703 3649 820 3712 genere
848 3649 918 3696 esse
947 3629 1189 3710 demonstravit,
1219 3648 1301 3710 quae
1329 3650 1395 3694 non

253 3733 450 3798 continerent
464 3734 674 3798 recentiorum
690 3733 881 3814 tragicorum
897 3752 984 3796 more
999 3732 1138 3796 nefastae
1153 3731 1289 3813 nuptias,
1312 3731 1394 3795 libe·

252 3853 360 3900 rorum
382 3840 414 3899 et
433 3840 600 3916 parentum
623 3834 756 3915 caedes,
779 3835 844 3899 alia
865 3840 1027 3916 portenta,
1055 3838 1161 3896 tamen
1184 3833 1211 3897 si
1234 3832 1395 3897 eiusmodi

341 4055 364 4115 1)
382 4047 587 4106 Plutarebisebe
603 4047 725 4114 Studien,
743 4065 815 4118 prgr.
834 4048 861 4104 S.
881 4051 975 4103 Annae
992 4049 1094 4117 Angsb.
1115 4052 1178 4103 1885
1197 4065 1223 4117 p.
1238 4050 1347 4101 27-29.
