3018 4736
281 315 341 373 148
726 309 863 366 Robertus
880 309 979 364 Weber

279 507 351 554 esse
372 487 517 554 iuvenies
545 481 583 549 τὸ
607 481 647 562 ζα
676 479 730 550 ὅτι
758 485 901 567 μέγεθος
920 468 954 565 ’ἢ
976 472 1118 565 ubaldo&
1144 485 1316 568 σημαίνει,
1339 483 1437 566 quod

279 590 412 655 verbum
433 587 496 654 uisi
516 584 604 671 apud
625 584 832 651 Plutarchum
854 585 887 648 in
908 584 1062 650 memoria
1082 589 1147 649 ta'm
1163 585 1318 650 lacunosa
1340 587 1437 651 exci-

279 689 366 757 disse
386 690 524 774 putabis,
545 686 748 753 Athenaeum
762 687 866 770 ipsum
880 684 1066 752 adiunxisse
1088 685 1183 751 facilc
1198 685 1321 752 credes.
1357 685 1439 764 Qua

278 811 314 858 re
342 791 477 857 feliciter
505 794 596 874 gesta
616 787 801 854 Athenaeus
823 786 1030 853 Plutarchum
1059 786 1100 853 de
1130 787 1278 854 manibus
1307 788 1433 871 posuit.

279 892 386 958 Etiam
400 889 526 974 Diphili
541 909 651 956 versus
666 889 838 974 adscripsit
851 887 975 954 ratione
990 907 1054 953 non
1072 886 1192 970 habita,
1215 888 1304 970 quod
1327 880 1433 966 εὐζω-

279 989 415 1078 ρότερον
437 993 483 1058 ibi
501 993 582 1057 nulli
596 989 806 1076 responderet
820 1008 929 1055 earum
945 987 1213 1071 significationum
1234 1010 1316 1072 quas
1326 991 1431 1058 modo

235 1142 237 1146 -
279 1095 465 1178 protulerat.
502 1094 539 1158 Iu
554 1091 741 1159 somniando
757 1089 973 1174 Theophrasti
995 1110 1121 1173 quoque
1137 1092 1358 1158 testimonium
1373 1092 1432 1158 ad·

280 1195 451 1278 glutinavit
472 1214 544 1260 oum
566 1193 712 1260 versibus
730 1192 947 1277 Empedoclis,
970 1191 1057 1274 quod
1080 1191 1215 1257 eandem
1237 1195 1431 1276 explicatio-

280 1315 354 1360 nem
368 1295 433 1361 iam
448 1315 490 1360 ex
505 1293 676 1360 Plutarcho
692 1293 905 1378 adposuisset,
928 1294 1024 1376 plane
1039 1313 1178 1359 securus.
1208 1294 1304 1361 Unde
1320 1301 1432 1361 tammr

280 1395 496 1478 Theophrasti
510 1396 625 1478 locum,
646 1397 735 1462 ouius
750 1395 829 1480 περὶ
843 1397 952 1480 μέθης
966 1395 1047 1460 liber
1062 1395 1096 1459 in
1110 1394 1431 1480 dipnosophistarum

172 1519 176 1530 ·
281 1498 303 1562 l.
319 1497 351 1563 X
374 1503 406 1564 et
425 1497 474 1563 XI
497 1497 688 1581 compluries
713 1497 841 1564 obviam
863 1497 914 1579 fit,
937 1496 1121 1562 Athenaeus
1143 1498 1331 1581 sumpserit,
1359 1497 1429 1564 fere

282 1604 367 1666 certo
396 1599 472 1664 licet
499 1605 673 1664 autumare.
723 1599 810 1665 Loco
838 1599 929 1664 illum
958 1599 1163 1682 subsequenti
1193 1599 1237 1673 (Χ
1260 1619 1293 1682 p.
1318 1597 1428 1673 424⁰ft

286 1719 369 1783 quae
390 1698 631 1784 Theophrastus
653 1701 804 1782 narravit,
827 1699 1039 1782 Hieronymus
1054 1699 1199 1766 Rhodius
1216 1703 1342 1784 reecpit
1360 1695 1429 1766 ‘aci

283 1793 379 1876 οὗτος
401 1798 435 1865 ἐν
449 1801 498 1883 τῷ
512 1799 592 1885 περ)
612 1791 728 1884 μέθης)
744 1804 775 1884 1),
799 1819 894 1884 quem
908 1821 971 1866 non
992 1803 1097 1884 ipsum
1113 1803 1145 1866 in
1165 1803 1314 1869 manibus
1328 1803 1429 1870 Athe-

282 1921 397 1968 naeum
418 1901 569 1968 habuisse
591 1921 634 1968 ex
655 1903 675 1966 l.
691 1901 773 1966 XIII
786 1922 817 1985 p.
835 1899 911 1966 556b
934 1903 1089 1969 conclusit
1102 1902 1246 1986 Bappius
1260 1902 1430 1986 (Bcitrripe

282 2022 344 2064 aar
361 1999 587 2081 Qucllcubrdtid
608 2000 662 2064 dcc
678 2001 839 2064 Attuarios
853 2005 887 2068 iu
901 2009 1101 2070 commentat.
1118 2003 1274 2070 Ribbeck.
1291 2025 1324 2088 p.
1342 2009 1428 2089 260),

283 2105 379 2170 immo
401 2103 536 2171 Seleuco
565 2105 771 2188 grammatico
795 2103 965 2171 Homerico
991 2106 1112 2171 Tiberii
1135 2106 1293 2172 convivae
1315 2107 1430 2174 deberi

284 2204 367 2273 hauc
381 2204 511 2288 quidem
526 2212 648 2289 partem
662 2205 775 2272 merito
790 2207 998 2289 comprobare
1013 2206 1134 2272 studuit
1149 2208 1190 2290 (p.
1207 2209 1292 2284 266).
1324 2209 1429 2276 Huius

284 2308 370 2373 enim
387 2301 481 2391 ‘arat
504 2297 648 2390 ἀρχαίων
671 2297 875 2388 ooprrootwo'
901 2326 979 2390 opes
993 2306 1194 2374 Athenaeum
1213 2310 1245 2372 in
1267 2311 1375 2392 primo
1397 2319 1429 2376 et

284 2407 409 2475 decimo
429 2409 630 2492 potissimum
650 2410 732 2475 libro
754 2411 895 2492 itemque
916 2409 949 2472 iu
969 2415 1081 2490 quarto
1104 2417 1136 2474 et
1158 2411 1328 2478 undecimo
1344 2433 1426 2480 com·

283 2510 413 2591 pilasso,
434 2511 503 2575 sive
516 2502 563 2573 ‘dv
579 2499 780 2590 copptucocg'
805 2510 874 2575 sive
889 2509 1008 2574 alicubi
1028 2510 1062 2574 in
1083 2510 1170 2576 illius
1186 2511 1276 2578 libris
1292 2513 1426 2580 luissent

285 2609 488 2691 compositae.
525 2607 722 2692 Quamquam
738 2610 897 2692 quomodo
914 2611 1064 2677 certiores
1086 2610 1165 2678 fines
1180 2611 1319 2680 Seleuco
1339 2617 1420 2700 apud

282 2707 483 2776 Athenaeum
504 2711 628 2794 possint
641 2710 792 2794 adscribi,
814 2711 888 2778 aliis
905 2711 1184 2778 demonstrandum
1199 2715 1339 2799 reliquit.
1375 2719 1422 2784 lix

282 2809 428 2878 eiusdem
457 2811 580 2876 ratione
607 2817 741 2896 apparet
762 2811 978 2896 Theophrasti
1005 2812 1046 2878 de
1072 2804 1306 2903 ἆκρατοποσίᾳ
1327 2822 1424 2887 verba

280 2913 325 2996 (p.
341 2908 429 2987 42711)
445 2931 517 2978 cum
532 2909 789 2980 Chamaeleontis
809 2906 856 2977 ‘dr
872 2915 920 2998 τῷ
935 2914 1014 2999 περὶ
1031 2906 1146 3001 μέθηξ
1172 2921 1422 2989 enarrationibus

281 3015 325 3096 (p.
342 3009 419 3075 4271
426 3015 451 3090 ⁰)
465 3012 508 3079 ad
522 3012 701 3098 Seleucum,
717 3014 793 3081 indo
808 3014 850 3081 ad
865 3015 1067 3082 Athenaeum
1081 3020 1277 3102 pervenisse.
1303 3023 1421 3088 Eadem

280 3112 340 3178 fuit
361 3113 416 3178 vla
437 3115 609 3180 testimonii
631 3137 663 3200 p.
680 3113 758 3180 429¹>
780 3115 831 3192 (cf.
853 3115 956 3200 Bapp.
972 3137 1004 3200 p.
1021 3120 1079 3182 261
1097 3119 1118 3183 l.
1134 3120 1177 3202 1.),
1202 3120 1316 3188 eedem
1337 3125 1359 3189 l.
1375 3125 1421 3189 XI

282 3231 314 3296 p.
329 3213 405 3278 4630
420 3219 452 3280 et
466 3213 553 3297 4651’,
576 3217 603 3282 si
625 3217 742 3302 Bappii
761 3221 802 3300 (p.
820 3218 893 3292 263)
917 3219 1097 3284 coniectura
1120 3220 1160 3284 de
1184 3223 1289 3305 capite
1312 3231 1421 3308 quarto

282 3322 325 3396 tp.
348 3311 434 3391 lbos)
464 3321 496 3380 66
523 3314 780 3383 Chamaeleontis
808 3317 889 3400 περὶ
918 3320 1026 3404 μέθης
1054 3321 1235 3388 testimonio
1268 3333 1355 3392 recte
1390 3348 1421 3394 se

284 3412 391 3498 habet,
414 3414 449 3482 id
451 3416 557 3502 quod
578 3417 669 3484 nobis
692 3417 827 3482 videtur.
861 3418 946 3484 Nam
968 3417 1049 3486 haec
1072 3440 1198 3503 quoque
1214 3420 1343 3507 capita‘
1346 3431 1424 3510 περ)

282 3504 427 3598 ἀρχαίων
452 3509 659 3598 συμποσίων
685 3523 766 3584 sunt.
805 3519 928 3585 Eodem
949 3521 1086 3605 pertinet
1109 3523 1129 3586 l.
1145 3524 1240 3592 XIc.
1258 3529 1312 3592 18:
1343 3525 1422 3606 ἔθος

368 3699 393 3761 1)
409 3696 451 3750 De
463 3698 505 3752 his
517 3701 583 3770 περὶ
594 3697 682 3771 μέθης
693 3701 931 3770 peripateticorum
943 3703 1039 3757 litteris
1052 3704 1213 3773 Aristotehs,
1232 3707 1420 3780 Theophrasti,

284 3778 440 3848 Hieronymi
457 3781 569 3850 Rhodii,
588 3783 802 3840 Chamaeleontis
821 3791 847 3840 et
865 3803 933 3856 quae
950 3788 1020 3843 inter
1037 3790 1154 3857 singulos
1178 3792 1386 3849 intercedatt
1344 3800 1386 3850 rat
1386 3798 1419 3864 ic,

282 3863 318 3920 cl.
330 3863 468 3919 Rosium'
459 3881 489 3918 ιιι
500 3867 613 3924 Aristot.
626 3869 794 3939 pseudepigr.
812 3888 839 3940 p.
853 3874 903 3924 116
921 3880 948 3926 66
959 3873 1068 3928 uberius
1080 3874 1259 3944 disputantem
1271 3877 1419 3948 Koepkium

280 3941 329 4004 ‘de
339 3949 544 4006 chamaeleonte
555 3948 738 4022 peripatetico'
751 3958 875 4024 (tstttp.
888 3959 921 4011 39
930 3971 981 4025 sq
999 3957 1031 4012 de
1039 3959 1193 4015 Aristotehs
1205 3964 1232 4014 et
1241 3960 1420 4033 Theophrasti

281 4033 358 4091 libris
375 4035 417 4091 his
436 4031 590 4092 Zellerum‘
594 4037 656 4095 hist.
674 4039 773 4110 philos
793 4033 848 4095 Gr?
866 4040 1109 4111 112³p.1o3aun
1125 4049 1147 4100 1.
