3018 4736
235 305 277 361 De
295 305 463 362 Dioscuridis
481 308 547 380 περὶ
563 309 622 363 τῶν
638 298 707 381 παρ’
721 300 829 382 Ὁμήρῳ
846 302 944 377 νόμον
961 307 1059 363 libello.
1161 308 1223 366 149

78 468 114 541 d'
136 460 171 562 ἦν
187 475 351 562 πρότερον
367 475 400 543 ἒν
415 480 464 564 τῷ
478 482 630 564 ποτηρίῳ
653 473 742 562 ὕδωρ
765 474 995 561 ἐμβάλλεσθαι
1009 478 1076 544 κτλ.
1093 479 1226 548 laudato

78 579 304 664 Theophrasto
320 582 466 663 quamvis
480 582 573 647 titulo
589 580 666 665 περὶ
685 582 795 666 μέθης
810 582 938 664 omisso,
961 583 1016 665 qui
1030 583 1120 648 locus
1142 582 1227 648 bene

79 683 279 763 coniungitur
302 701 374 748 cum
395 683 416 746 l.
432 683 463 746 X
484 702 516 767 p.
533 679 649 757 427⁶.¹)
699 682 771 749 Uno
794 687 900 748 autem
920 683 992 749 loco
1015 683 1075 760 (XI
1089 704 1120 767 p.
1137 685 1226 762 4970>

79 783 140 850 sub
159 784 309 849 lemmate
335 780 433 868 ῥυτόν
455 782 671 867 Theophrasti
693 785 794 850 verba
821 803 863 849 ex
890 784 1121 870 lexicographo
1147 804 1225 868 quo·

79 884 153 950 ἀοιο
176 883 344 952 Athenaeo
367 884 514 951 videntur
535 886 721 967 innotuisse,
744 904 840 968 quem
861 885 1067 970 Pamphilum
1089 905 1161 954 csse
1182 906 1225 953 ex

79 985 336 1053 Schoenemanni
357 987 378 1051 l.
395 987 416 1051 l.
438 987 561 1052 ratione
589 986 684 1052 facile
707 986 835 1070 credes,
865 986 958 1054 cortis
984 988 1089 1054 causis
1117 985 1226 1055 adhu'c

78 1088 280 1172 comprobari
301 1088 421 1171 nequit.
461 1085 584 1165 Quibus
607 1088 762 1170 expositis
784 1107 847 1153 non
869 1086 1060 1172 dubitamus,
1084 1090 1162 1172 quin
1185 1109 1224 1155 eo

79 1190 119 1256 de
134 1209 199 1272 quo
214 1189 339 1272 agimus
354 1191 425 1256 loco
439 1210 471 1274 p.
488 1186 563 1254 423¹
576 1187 761 1255 Athenaeus
776 1187 992 1273 Theophrasti
1007 1191 1223 1257 testimonium

78 1311 150 1357 cum
166 1291 371 1374 Empedoclis
393 1291 539 1357 versibus
562 1310 603 1356 ex
625 1288 762 1382 Seleuco
779 1289 992 1358 Plutarcbeac
1014 1291 1224 1376 disputationi

78 1393 277 1458 admonuerit.
322 1392 392 1460 Hoc
420 1411 547 1476 quoque
574 1412 633 1476 pro
662 1398 747 1458 certo
770 1391 837 1458 iere
866 1393 943 1458 licet
964 1399 1103 1461 statuere
1125 1395 1224 1461 fuisse

78 1495 356 1580 Theophrasteam
371 1495 617 1579 explicationem
628 1492 833 1576 Empedoclis
845 1494 990 1560 versibus
1002 1495 1112 1560 nixam
1127 1497 1224 1562 etiam

77 1599 109 1661 in
133 1613 268 1680 corpore
290 1597 347 1662 illo
368 1597 588 1680 peripatetico,
610 1594 696 1660 unde
718 1614 789 1660 eam
810 1594 999 1661 Plutarchus
1020 1597 1055 1660 in
1076 1615 1151 1663 suas
1172 1617 1225 1665 res

77 1698 215 1765 deduxit
236 1697 457 1780 (110413),
480 1698 569 1763 velut
590 1695 810 1762 continebatur
831 1695 912 1762 illud
929 1697 1127 1764 Aristotelis:
1151 1718 1223 1766 esse

79 1797 260 1884 ζωρότερον
275 1799 362 1866 idem
376 1805 473 1882 atque
487 1799 625 1876 θᾶττον,
642 1800 727 1881 quod
743 1806 775 1865 et
790 1797 980 1865 Plutarchus
998 1799 1029 1878 (l.
1043 1799 1063 1864 l.
1076 1799 1105 1865 V
1118 1803 1137 1863 4
1151 1818 1186 1866 11.
1195 1802 1224 1880 1)

78 1909 110 1967 et
131 1899 330 1986 Porphyrius
353 1900 406 1978 (ad
429 1903 536 1976 1203)
558 1901 591 1965 in
613 1919 704 1966 suum
726 1921 818 1966 usum
839 1907 1045 1966 vocaverunt.

163 2001 230 2068 Sed
252 2001 498 2069 Dioscurideum
520 2022 592 2068 cum
614 2001 676 2068 hoc
690 2000 854 2068 Plutarchi
875 2002 1075 2085 problemate
1097 2004 1223 2087 conspi-

78 2111 130 2170 rat
150 2104 186 2170 lr.
203 2107 244 2168 22
266 2103 354 2188 apud
368 2102 484 2169 Athen.
502 2105 563 2187 lp.
581 2107 642 2167 10⁰.
690 2100 781 2179 Quae
803 2102 902 2168 verba
922 2106 1060 2186 primum
1082 2103 1224 2187 quidem,

83 2225 148 2287 quo
159 2208 229 2273 loco
245 2226 329 2271 nunc
343 2207 500 2289 leguntur,
516 2204 572 2269 vix
588 2210 720 2288 possunt
734 2205 833 2269 fuisse
847 2203 934 2286 apud
951 2203 1110 2285 integrum
1124 2204 1224 2271 Athe·

83 2326 209 2392 naeum,
233 2326 435 2390 nequaquam
457 2304 545 2389 apud
566 2303 797 2370 Dioscuridem.
836 2303 890 2370 Sic
905 2304 989 2369 enim
1004 2305 1100 2388 plane
1119 2306 1224 2371 seiun-

79 2416 195 2491 guntur
205 2409 322 2475 verba:
344 2405 427 2482 ἰ’σως
439 2390 495 2486 οὖν
508 2397 565 2470 οὐκ
578 2403 749 2489 ἐγίνωσκεν
760 2404 839 2483 κτλ,
855 2405 970 2488 quibus
981 2404 1025 2471 ad
1035 2405 1181 2473 Nestoris
1194 2414 1227 2474 et

77 2510 267 2577 Machaonia
283 2510 466 2594 exemplum
477 2510 606 2574 ineunte
622 2508 726 2591 capite
737 2514 906 2574 tractatum
920 2508 1090 2574 revertitur
1104 2514 1225 2576 auctor.

78 2614 162 2678 Nam
187 2632 269 2695 quae
292 2611 333 2676 de
349 2610 486 2678 Hectore
509 2615 542 2677 et
562 2609 696 2676 Hecuba
710 2616 886 2694 narrantur,
908 2607 983 2676 huic
1005 2611 1154 2695 exemplo
1176 2612 1224 2677 in·

79 2721 167 2780 sorta
181 2715 280 2780 fuisse
296 2714 393 2779 etiam
407 2732 491 2778 nuno
506 2712 735 2794 cognoscimus.
773 2711 1007 2778 Commissurue
1025 2712 1110 2777 enim
1125 2713 1225 2780 instar

78 2824 152 2883 sunt
174 2815 288 2882 verba:
311 2817 421 2877 καίτοι
444 2805 586 2891 ἀλλαχοῦ
609 2812 710 2895 λέγων
731 2809 790 2876 τὸν
806 2807 895 2877 οἶνον
912 2808 1035 2876 ἐκλύειν
1057 2810 1116 2896 τὴν
1133 2811 1225 2894 ἰσχὺν

77 2919 134 2982 καὶ
159 2909 342 3000 ἀπογυιοῦν
364 2921 397 2981 et
418 2914 564 2978 Hectoris
587 2913 629 2978 ad
651 2913 817 2979 Hecubam
839 2933 950 2980 versus
973 2916 1015 2989 (Z
1027 2915 1118 2991 265):

185 3014 246 3103 Μὴ
271 3011 307 3099 μ’
334 3008 555 3098 ἀπογυιώσῃς,
576 3015 692 3095 μένεος
715 3004 747 3076 δ’
774 3005 874 3098 ἀλκῆς
895 3036 932 3077 τε
954 3011 1124 3095 λάθωμαι.

78 3121 182 3188 Multa
196 3126 302 3186 autem
317 3119 350 3183 in
364 3115 608 3199 transponendis
624 3115 758 3198 singulis
775 3115 946 3181 enuntiatis
960 3133 1113 3199 peccasse
1124 3115 1223 3183 Athe-

78 3223 155 3289 naei
178 3223 421 3306 epitomatorem
435 3217 603 3284 Kaibelius
624 3218 716 3299 larga
738 3217 957 3300 exemplorum
979 3217 1073 3300 copia
1094 3217 1223 3283 demon·

79 3323 196 3391 stravit
217 3324 251 3387 in
271 3321 379 3386 Herm.
394 3322 458 3386 vol.
473 3317 570 3384 XXlI
585 3341 617 3404 p.
633 3321 694 3383 328
709 3317 783 3384 adn.
803 3322 829 3400 1,
852 3317 886 3382 id
908 3317 995 3401 quod
1017 3317 1079 3386 boc
1096 3337 1224 3402 quoque

79 3426 154 3491 loco
178 3443 251 3490 eum
266 3421 463 3488 commisisse
477 3441 541 3486 non
556 3420 699 3504 negabis.
735 3419 891 3486 Videntur
905 3427 1011 3487 autem
1029 3419 1110 3486 baec
1124 3421 1226 3487 verba

80 3524 170 3610 apud
185 3523 408 3590 Dioscuridem
431 3522 530 3588 tuisse
551 3522 584 3587 in
605 3523 708 3587 fronte
729 3521 826 3587 totius
848 3521 889 3587 de
911 3523 979 3588 vini
1000 3520 1087 3603 apud
1106 3520 1223 3588 Home·

79 3647 153 3692 rum
174 3645 234 3692 usu
256 3624 490 3708 disputationis,
514 3642 576 3705 quo
600 3623 671 3688 loco
686 3622 773 3706 apud
795 3621 1142 3689 Pseudo-Plutarchum
1163 3622 1185 3688 l.
1201 3624 1222 3688 l.

82 3750 109 3795 c.
126 3729 190 3791 200
211 3728 360 3809 leguntur
382 3725 428 3797 (fr.
445 3726 485 3787 22
500 3745 531 3808 p.
555 3727 624 3806 102,
639 3725 680 3785 24
691 3725 783 3806 squ).
828 3721 920 3800 Quod
935 3727 1041 3787 autem
1056 3724 1147 3789 varia
1167 3744 1223 3790 no-

171 3879 196 3939 1)
214 3873 268 3927 Alii
286 3873 374 3937 etiam,
392 3888 460 3941 quos
477 3872 530 3926 hoc
548 3871 635 3939 capite
653 3871 810 3924 Athenaeus
828 3869 920 3924 laudat
936 3873 1069 3937 auctores,
1086 3871 1115 3925 in
1132 3871 1223 3925 Seleu·

83 3960 140 4015 cois
157 3959 279 4029 partibus
297 3957 373 4012 citati
390 3960 481 4042 mant:
499 3955 679 4023 Xenophanes
697 3970 723 4023 p.
737 3958 798 4008 402Ε
813 3956 832 4008 l.
845 3954 896 4022 XI,
914 3956 1057 4011 Anacreon
1075 3971 1101 4024 p.
1116 3954 1219 4009 ditebi

85 4044 158 4100 libb.
171 4044 235 4098 430<1
251 4043 269 4100 1.
282 4043 316 4109 X,
334 4041 467 4096 Hesiodus
483 4058 510 4110 p.
524 4040 587 4095 4281‘
604 4041 622 4095 l.
635 4039 669 4094 X.
