3018 4736
230 311 274 367 De
292 311 460 368 Dioscuridis
477 316 543 386 περὶ
561 315 620 369 τῶν
638 305 710 385 παρ’
724 303 832 386 Ὁμήρῳ
850 305 949 380 νόμων
966 311 1064 366 libello.
1163 310 1222 370 155

66 485 327 570 Clytemestrae)
352 477 447 550 καὶὸ
471 480 565 570 παρὰ
580 484 782 569 μνηστῆρσιν
798 473 919 546 ἀείδων
943 473 1074 568 ἀνάγκῃ,
1098 479 1135 558 ὃς
1149 479 1227 558 τοίς

68 585 322 673 ἐφεδρεύοντας
350 589 391 672 τῆ
420 582 600 673 Πηνελόπῃ
631 581 849 668 ἐβδελύττετο.
907 585 991 650 Dein
1020 603 1102 668 quae
1132 604 1228 667 super

68 689 261 756 Demodoci
290 689 331 756 de
353 690 454 756 Marte
478 695 510 755 et
531 687 655 753 Venere
684 691 778 752 cantu
806 686 893 768 apud
914 685 1029 751 Athen.
1051 707 1082 768 p.
1102 689 1153 750 14ο
1178 687 1227 763 (ir.

71 795 107 856 37
124 812 161 875 p.
183 791 417 876 11c,13-17)
439 797 520 874 sunt,
544 788 594 856 his
616 787 696 854 duas
719 789 873 855 contineri
888 788 1062 854 solutiones
1077 787 1228 854 Wilamo-

9 915 10 984 j
70 893 206 959 witzins
222 877 399 959 rectissime
413 891 654 972 animadvertit,
678 911 749 957 cum
771 878 792 976 ῆ
807 891 995 975 particulam
1011 890 1094 955 iuter
1111 894 1229 954 utram·

71 1016 132 1078 que
148 995 260 1062 vellet
275 993 380 1060 inseri.
418 991 504 1071 Quas
520 1013 562 1060 ex
577 992 720 1060 eiusdem
735 993 937 1077 peripatetici
955 992 1097 1075 corporis
1121 991 1229 1056 indole

72 1099 137 1180 illa,
166 1117 238 1181 qua
260 1097 301 1162 ab
324 1096 463 1161 Homero
486 1094 548 1162 hoc
570 1113 696 1178 quoque
718 1094 938 1180 prohiberetur
961 1095 1089 1178 crimen,
1111 1095 1230 1177 petitas

72 1218 143 1266 esse
169 1199 244 1265 fere
259 1204 345 1265 certo
368 1199 444 1264 licet
458 1203 605 1264 statuere.
643 1197 789 1280 Denique
812 1196 894 1264 haec
914 1216 1039 1279 quoque
1054 1194 1229 1261 Athenaei:

9 1327 10 1332 ¹
72 1302 126 1366 καὶ
157 1311 238 1376 τοῖς
259 1300 461 1386 μνηστῆρσιν
490 1291 564 1385 ᾄδει
586 1297 672 1384 πρὸς
693 1295 752 1383 τῆν
781 1290 882 1384 αύτῆν
910 1295 1031 1382 βουλὴν
1054 1291 1072 1362 δ
1099 1295 1229 1384 Φήμιος

9 1445 10 1486 3
74 1401 200 1468 νόστον
214 1393 358 1481 Ἀχαιῶν
372 1399 408 1482 (α
424 1402 497 1480 326)
513 1400 748 1484 quodammodo
763 1421 834 1467 eum
851 1400 966 1466 scholii
980 1400 1022 1466 ad
1039 1424 1061 1462 α
1076 1403 1137 1464 327
1155 1419 1228 1484 pos-

9 1487 11 1552 Ὺ
74 1511 148 1571 sunt
165 1503 351 1586 comparari
373 1500 434 1568 hac
461 1503 632 1568 solutione:
661 1503 716 1566 καὶ
747 1501 857 1588 φαμὲν
885 1492 938 1566 ὅτι
967 1499 1182 1583 οἰκονομικῶς
1210 1495 1227 1565 ὅ

9 1623 10 1636 ’
75 1604 216 1692 Φήμιος
245 1604 344 1668 τοῦτο
366 1614 474 1681 ποιεῖ,
497 1601 552 1668 ἵνα
574 1605 632 1690 τῆς
653 1601 809 1692 τοιαύτης
831 1594 946 1688 ἀοιδῆς
974 1604 1033 1667 τοῦ
1058 1595 1227 1690 Φημίοοῆ

9 1709 11 1758 l
75 1704 265 1796 Πηνελόπη
283 1696 471 1790 ἀκροωμένη
494 1708 553 1769 τού
575 1703 697 1770 einrico
721 1698 839 1791 ἀνδρὸς
860 1702 1045 1792 μνημονεύῃ
1067 1703 1123 1768 καὶ
1142 1695 1230 1766 ἀπο-

76 1811 165 1896 σοβῇ
188 1804 268 1883 τούς
287 1808 486 1894 μνηστῆρας.
523 1807 593 1874 Ηοο
614 1806 759 1874 scholion
776 1807 818 1873 ad
841 1807 976 1873 eundem
997 1807 1117 1872 fontem
1139 1824 1230 1871 revo-

78 1912 221 1978 candum
244 1929 314 1976 esse
336 1929 399 1974 non
420 1909 569 1993 negabis,
594 1910 664 1974 sive
686 1909 899 1976 intercesserit
920 1908 1133 1992 Porphyrius,
1160 1907 1230 1974 sive

80 2035 121 2080 ex
143 2014 218 2096 ipso
235 2009 290 2076 illo
306 2030 440 2094 corpore
457 2011 490 2075 in
505 2008 628 2076 scholia
650 2010 825 2094 devenerit,
848 2011 954 2093 quode
971 2011 1093 2092 ambigi
1114 2015 1229 2092 potest.

80 2115 261 2180 Probamus
273 2118 380 2178 autem
387 2112 634 2194 Wilamowitnii,
647 2113 679 2176 in
692 2131 786 2194 quam
798 2132 855 2178 nos
868 2132 994 2194 quoquc
1006 2112 1230 2192 incideramus,

52 2239 55 2252 ·
85 2222 297 2282 correcturum
316 2207 417 2297 ‘apog
438 2209 497 2296 τὴν
520 2205 641 2296 αὐτὴν
662 2205 800 2297 βουλήν
825 2233 883 2295 pro
907 2213 1052 2278 codicum
1075 2211 1229 2276 memoria

9 2317 10 2380 ξ
83 2307 224 2395 αὐτῶν,
253 2321 288 2380 ut
315 2315 395 2382 haec
418 2315 516 2381 verba
544 2315 635 2397 qnasi
664 2314 878 2396 respondeant
906 2316 953 2378 illi
977 2305 1230 2395 (οἰκονομικῶς),

9 2415 11 2452 ss
84 2418 171 2503 quod
186 2407 355 2484 ‘consulto'
382 2417 549 2483 cecinisset
569 2415 721 2481 Phemius
736 2415 934 2482 Achivorum
955 2416 1101 2481 reditum.
1145 2415 1229 2480 Nam

9 2519 10 2524 ’
81 2523 114 2586 in
137 2517 438 2603 Schweighaeuseri
468 2517 604 2584 traditae
633 2519 807 2601 scripturae
837 2519 1051 2600 explicatione
1073 2510 1230 2602 ‘ipsorum

9 2619 10 2622 ’
80 2621 357 2689 admonendorum
379 2610 483 2686 eausa'
509 2621 565 2686 vix
587 2620 704 2702 aliquis
726 2621 917 2702 acquiescat.

168 2723 222 2788 Ad
243 2722 446 2807 peripatetici
468 2722 609 2804 corporis
625 2722 769 2788 subsidia
791 2723 886 2787 etiam
909 2723 1006 2788 ineis
1028 2721 1228 2806 proferendis

83 2825 227 2908 confugit
247 2822 470 2906 Dioscurides,
500 2843 581 2905 quae
610 2822 698 2906 apud
719 2823 834 2888 Athen.
856 2824 917 2907 lp.
937 2828 989 2888 17θ
1011 2824 1052 2890 de
1075 2825 1171 2892 Ulixe
1198 2828 1230 2888 et

84 2925 213 2994 Achille
234 2925 382 3008 leguntur
404 2925 485 2989 inter
500 2943 571 2990 sese
587 2925 780 2989 certantibus
803 2924 963 3007 gaudente
977 2924 1227 3008 Agamemnone,

82 3022 182 3112 ‘idyrp
205 3015 226 3112 ῆ
251 3024 338 3111 μάχῃ
362 3024 537 3108 αἱρεῖσθαι
559 3023 610 3090 δεῖ
631 3021 668 3088 τὸ
687 3016 794 3090 Ἴλιον
821 3025 868 3103 (fr.
888 3027 927 3089 36
950 3046 981 3108 p.
1000 3029 1228 3109 115,13-17).

85 3130 167 3196 Nam
191 3147 255 3212 qua
277 3127 319 3193 de
339 3147 374 3194 re
397 3128 479 3193 inter
500 3146 572 3194 sese
593 3127 800 3208 certaverint,
824 3147 865 3191 ex
887 3126 1026 3194 Homero
1048 3149 1112 3194 non
1134 3129 1229 3195 disci-

85 3251 162 3297 mus.
201 3229 269 3296 Sed
290 3249 393 3314 aeque
415 3230 552 3313 peritum
573 3248 609 3295 se
629 3233 771 3314 praestat
792 3228 989 3313 Porphyrius
1011 3231 1044 3295 in
1066 3231 1228 3298 solutioni·

85 3333 143 3399 bus
157 3331 201 3398 ad
216 3333 244 3394 θ
260 3335 311 3428 75.
325 3337 363 3396 77
380 3332 526 3416 servatis,
548 3336 583 3396 ut
598 3331 748 3415 probrum
763 3327 843 3396 illud
859 3332 899 3396 ab
915 3331 1056 3398 Homero
1071 3337 1225 3414 arceatur,

85 3453 124 3500 ne
136 3425 350 3518 χαιρέκακοξ
370 3433 517 3524 videatur
531 3433 752 3516 Agamemnon
768 3431 808 3499 de
824 3433 998 3499 amicorum
1016 3434 1226 3502 contentione.

85 3536 174 3604 Haec
196 3535 398 3620 potissimum
427 3535 552 3601 adferre
574 3535 698 3600 iuvabit
719 3533 762 3600 ad
783 3537 812 3596 θ
827 3539 880 3600 77ε
912 3533 1027 3600 λύουσι
1057 3535 1092 3600 δὲ
1115 3533 1149 3602 ἐκ
1169 3541 1228 3624 τῆς

85 3635 203 3714 λέξεως
216 3635 250 3701 οἱ
265 3633 334 3718 μὲν,
350 3631 402 3700 ὅτι
417 3633 578 3718 μάχονται
592 3634 624 3699 οἱ
637 3628 817 3717 ἀνθρωττοι
833 3627 870 3700 οὗ
885 3633 987 3717 μόνον
1002 3629 1226 3724 ἀφιλίχθριος,

86 3731 170 3804 ἀλλὰ
198 3737 255 3802 καὶ
286 3735 546 3822 φιλονεικοῦντες
572 3731 657 3820 ὑπὲρ
685 3737 786 3801 καλοῦ
806 3738 863 3802 καί
885 3729 1015 3822 ἀρετῆς,
1039 3741 1228 3824 quibuscum

85 3837 287 3907 Dioscuridis
309 3857 479 3922 componas
501 3837 594 3904 haec:
620 3830 693 3901 ἀλλ’
712 3829 879 3924 ὠφέλιμοι
902 3837 938 3904 αἱ
959 3840 1151 3926 φιλοτιμίαι
1174 3841 1228 3928 ζη-

84 3939 230 4006 τούντων
252 3937 319 4003 κτλ.
368 3939 454 4006 Infra
481 3945 586 4006 autern
612 3947 696 4006 sunt:
727 3940 783 4003 καὶ
812 3933 829 4004 δ
858 3938 918 4022 μὲν
948 3934 1106 4024 Ἀχιλλεύς
1138 3942 1227 4028 ἕλεχε

85 4034 129 4108 δι’
150 4033 307 4125 ἀνδρείαν
323 4033 448 4106 ἁλῶναι
470 4036 507 4106 τὸ
518 4036 637 4119 Ἴλιον,
661 4033 678 4105 δ
703 4037 738 4104 δὲ
749 4031 925 4119 Ὀδυσσεύς
940 4041 996 4109 διὰ
1011 4046 1156 4131 μηχανῆς
1171 4047 1227 4112 καὶ
