3008 4734
310 328 349 386 90
748 330 882 386 Robortus
901 329 1001 384 Weber

307 501 363 565 καὶ
377 498 501 565 τούτων
515 493 629 566 ύπτῶν
643 504 697 568 καὶ
720 497 772 579 ῶς
787 499 845 568 ἐπὶ
859 498 897 566 τδ
913 498 999 566 πολύ
1020 505 1157 585 βοείων·
1179 496 1273 586 παρὰ
1289 497 1324 563 δὲ
1339 500 1454 561 ταῦτα

310 595 384 666 ούτε
406 599 440 666 έν
461 600 590 688 ἑορταῖς
612 595 682 668 ούτ’
707 601 740 668 ἓν
760 602 879 687 γάμοις
900 597 969 668 οὔτ’
989 599 1022 668 ἓν
1044 597 1124 689 άλλη
1148 600 1275 686 συνύδηι
1298 603 1454 685 παρατί-

308 707 411 788 θησιν
426 697 529 784 ούδέν,
547 730 588 769 κα
590 710 656 771 ίτοι
670 703 879 782 πολλάκις
844 730 903 770 τον
913 699 1139 790 Ἀγαμέμνονα
1153 701 1299 790 ποιήσας
1314 701 1454 767 δειπνί-

309 803 404 882 ζοντα
425 803 502 883 τούς
525 799 711 892 ἀρίστους)
740 809 796 873 καὶ
818 799 855 872 ού
874 811 963 986 {pla
983 808 1037 872 καλ
1060 804 1217 872 κάνδυλον
1239 805 1295 870 καὶ
1317 797 1454 890 άμητας

271 905 508 1031 ὁμαλίπηκτά
513 932 549 972 τε
569 921 641 984 τοῖς
660 906 930 992 βασιλεύσινέξα
910 913 1024 994 αίρετα
1045 911 1276 995 παρατίθησιν
1288 898 1453 993 Ὅμηρος,

310 999 422 1072 άιλλΗ
404 1032 452 1094 αφ
481 1000 526 1073 ών
542 1033 576 1073 ευ
563 993 675 1085 ε’ξειν
691 1007 875 1090 ε’μελλον
840 1035 877 1076 το
896 1012 992 1094 σῶμα
1013 1012 1068 1076 καὶ
1089 1008 1147 1096 τὴν
1162 1007 1279 1094 ψυχήν.
1307 1006 1454 1074 Α’ίαντα

308 1112 385 1194 γοῦν
399 1106 482 1193 μετά
494 1107 553 1236 την
567 1115 771 1192 μονομαχίαν
787 1109 922 1178 νώτοισι
935 1115 1025 1196 βοῶν
1039 1116 1188 1198 γέραιρεν
1203 1103 1482 1238 ύΆγαμέμνων

310 1216 361 1290 (Η
372 1211 460 1289 321)
483 1213 538 1276 καὶ
561 1215 704 1299 Νέστορι
727 1205 757 1276 δ’
783 1206 888 1300 ἤδη”
868 1237 940 1278 οντι
960 1217 1087 1301 γηραιῷ
1108 1216 1139 1298 (γ
1153 1214 1205 1292 33)
1232 1215 1287 1278 καὶ
1312 1217 1453 1278 Φοίνικι

310 1317 341 1390 (Ι
357 1315 430 1391 215)
451 1316 547 1398 κρέας
568 1306 674 1380 ὀπτὸν
689 1313 817 1394 δίδωσι,
840 1307 991 1402 ἀφιστῶν
1012 1310 1099 1401 ἡμᾶς
1119 1317 1185 1380 τῶν
1200 1307 1349 1380 ύιτάκτων
1370 1311 1453 1380 ἐπι·
1482 1274 1483 1368 λ

260 1430 287 1479 10
309 1417 452 1497 θυμιῶν.
485 1417 541 1480 καὶ
555 1407 722 1492 Ἀλκίνους
744 1415 778 1481 δὲ
793 1411 810 1481 ὁ
827 1413 884 1482 τὸν
899 1414 1061 1504 τρυφερὸν
1075 1412 1235 1504 ᾑρημένος
1255 1421 1330 1500 βίον
1352 1413 1454 1499 (τούς

308 1514 580 1603 τρυφερωτάτους
595 1515 713 1583 ἑστιῶν
729 1523 881 1596 Φαίακας
894 1521 950 1585 καὶ
963 1515 1020 1584 τὸν
1031 1512 1191 1584 Ὀδυσσέα
1207 1515 1347 1596 ξενίζων,
1371 1515 1453 1582 ἐπι·
1483 1490 1484 1572 λ

311 1616 516 1701 δεικνύμενος
543 1611 634 1704 αύτῶ
653 1616 713 1706 την
734 1623 792 1685 τοῦ
813 1613 920 1706 κήπου
942 1617 1142 1705 κατασκευὴν
1169 1620 1225 1684 καὶ
1252 1621 1311 1706 τῆς
1339 1616 1452 1696 οἰκίας

309 1721 364 1785 καὶ
392 1718 450 1785 τὸν
472 1717 571 1785 αύτού
598 1725 688 1805 βίον,
717 1721 875 1798 τοιαύτας
902 1725 1132 1808 παρατίθεται
1159 1718 1351 1806 τραπέζας).
1391 1723 1454 1786 καὶ
1484 1706 1485 1786 λ

310 1822 484 1898 Μενέλαος
512 1821 548 1886 δὲ
569 1820 646 1899 τούς
673 1817 739 1887 τῶν
764 1823 896 1889 παίδων
917 1822 1041 1908 γάμους
1068 1815 1267 1905 ποιούμενος
1293 1821 1367 1908 <καὶ
1389 1825 1454 1887 τοῦ

260 1937 287 1987 15
314 1921 504 2011 Τηλεμάχου
526 1921 612 2009 πρὸς
638 1916 736 1990 αύτδν
758 1923 1043 2010 παραγενομένου)

845 2029 934 2091 νῶτα
953 2024 1034 2112 βοὸς
1055 2029 1245 2114 παρέθηκεν

359 2119 456 2212 <ύπτ’
476 2124 510 2192 έν
522 2127 633 2212 χερσὶν
649 2124 757 2212 ἑλών),
780 2127 821 2194 τά
837 2127 878 2214 ῥά
894 2129 926 2194 ολ
946 2133 1025 2216 γέρα
1039 2128 1218 2214 πάρθεσαν
1233 2119 1322 2212 αύτῷ
1337 2127 1369 2206 (δ
1385 2130 1452 2207 64).
1486 2171 1487 2178 1

309 2248 365 2312 καλ
387 2249 526 2333 Νέστωρ
549 2245 585 2312 δὲ
605 2245 688 2331 βόας
717 2246 795 2314 θύει
817 2248 1007 2314 Ποσειδῶνι
1028 2246 1122 2336 παρὰ
1143 2250 1184 2334 τῇ
1205 2245 1361 2332 θαλάσση
1390 2245 1453 2311 διὰ

311 2349 377 2413 τῶν
397 2346 566 2436 φιλτάτων
587 2351 643 2415 καὶ
666 2343 877 2416 οἰκειοτάτων
891 2354 1020 2432 τέκνων,
1041 2349 1197 2436 βασιλεὺς
1218 2337 1264 2414 ῶν
1284 2350 1337 2413 καλ
1360 2347 1453 2412 πολ·
1487 2352 1488 2370 ’

261 2462 289 2511 w
312 2446 388 2525 λούς
411 2447 491 2530 έχων
512 2445 691 2536 ύπηκύους,
713 2450 810 2536 (τάδε
831 2451 1149 2536 παρακελευόμενος·

439 2542 513 2614 ἄλλ’
533 2543 600 2634 ἄγ’,
624 2548 642 2616 δ
663 2550 723 2633 μὲν
745 2545 896 2618 πεδίονδ’
923 2550 978 2618 ἐπὶ
1000 2555 1080 2636 βοῦν
1103 2553 1164 2620 ἰ’τω
1187 2556 1216 2638 (γ
1230 2551 1303 2629 421)

310 2711 420 2805 ἥρωας
442 2711 561 2796 ὀπτοῖς
582 2722 697 2805 κρέασι
715 2725 911 2807 χρωμένους,
935 2719 1097 2810 περιελών
1116 2719 1175 2808 τὴν
1196 2722 1274 2803 περὶ
1296 2717 1338 2784 τὰ
1359 2719 1450 2805 βρώ-

310 2815 406 2903 ματαΙ
420 2827 621 2908 περιεργίαν.

399 2929 495 3008 lsqq.
524 2925 599 2992 Dio
621 2925 827 3010 Chrysost.
849 2927 881 2992 Π
896 2927 977 2992 87Β
999 2916 1112 3006 εύωχεῑ
1127 2948 1164 3009 γε
1181 2921 1246 3010 μὴν
1262 2915 1329 2989 άπδ
1346 2925 1450 3010 κρεῶν

261 3032 290 3083 25
312 3021 388 3101 τούς
416 3016 526 3112 ἥρωας
547 3017 710 3111 (ὀπτῶν),
738 3029 793 3093 καὶ
815 3026 940 3093 τούτων
960 3031 1096 3111 βοείων,
1126 3025 1223 3111 δῆλον
1246 3017 1299 3090 ύτι
1327 3022 1450 3106 ἰσχύος,

314 3119 370 3208 ούχ
385 3121 504 3212 ἡδονῆς
519 3126 633 3194 ἕνεκεν.
662 3126 720 3194 τὸν
734 3131 811 3214 γούν
822 3122 1048 3214 Ἀγαμέμνονα
1062 3126 1119 3194 τδν
1136 3125 1336 3211 συμπάντων
1350 3130 1451 3210 βασι-

314 3229 372 3292 λέα
393 3231 449 3293 καὶ
476 3228 728 3296 πλουσιώτατον
749 3233 828 3314 βοῦν
851 3224 904 3295 άεί
932 3251 1016 3316 φησι
1042 3227 1139 3295 θύειν
1165 3231 1220 3294 κα)
1248 3225 1305 3292 ἐπὶ
1333 3229 1450 3293 τοῦτον

313 3330 423 3396 καλεῖν
444 3327 522 3407 τούς
544 3322 709 3416 άρίστους.
745 3334 800 3398 καὶ
821 3328 880 3397 τὸν
894 3329 1031 3397 Α’ίαντα
1052 3328 1135 3414 μετὰ
1156 3326 1216 3417 τὴν
1237 3334 1327 3417 νίκην
1350 3331 1449 3416 φιλο-

315 3445 487 3519 φρονεῖται
507 3445 579 3510 τοῖς
601 3430 718 3509 νώτοις
738 3434 797 3498 τού
818 3429 906 3517 βοός.

284 3641 286 3646 .
362 3633 367 3644 ·
398 3604 545 3656 Δνστοιωτ
574 3606 651 3670 lsqq.
674 3599 773 3654 Plato
792 3599 825 3654 de
841 3614 872 3652 re
889 3599 963 3668 publ.
982 3601 1057 3654 404⁰.

400 3690 498 3756 18sqq.
524 3688 657 3756 Corpus
680 3686 840 3754 peripsum
864 3683 964 3753 Porph.
981 3686 1085 3752 quaest.
1104 3682 1139 3738 ad
1155 3703 1174 3755 γ
1189 3687 1248 3738 411,
1263 3686 1327 3750 4123
1350 3683 1447 3739 Athen.

315 3771 379 3828 XIV
391 3770 484 3825 6601‘0.

418 3915 432 3962 ‘1
452 3898 503 3965 οὖν
521 3906 610 3963 codd.:
629 3921 698 3961 corr.
716 3903 881 3968 Dindorfius‚
899 3903 934 3958 cf.
953 3903 1004 3958 Dio
1017 3902 1153 3972 Chrysosn
1164 3902 1192 3956 Π
1204 3904 1234 3956 87
1247 3901 1280 3956 R.

401 3998 433 4049 20
451 3993 485 4048 cf.
502 3992 606 4047 Kaibel.
628 3991 719 4046 Herm.
731 3990 811 4044 XXII
824 3993 881 4044 331.

401 4083 433 4135 25
453 4072 551 4137 ὀπτῶν
567 4077 682 4134 fortasse
697 4075 868 4133 inserendum
885 4074 1046 4130 censuimus.
