3008 4734
200 311 242 366 De
258 311 426 366 Dioscuridis
444 315 509 384 περὶ
526 315 586 368 τῶν
603 303 671 378 παρ)
685 305 798 385 Ὁμήρῳ
815 305 913 379 νόμων
928 309 1026 364 libello.
1123 309 1182 366 111

147 495 240 548 σῖτον
264 473 295 546 δ’
323 479 434 569 αἰδοίη
455 485 557 568 ταμίη
580 484 753 569 παρέθηκε
776 485 933 569 φέρουσα,

147 583 265 648 εἴδατα
286 575 387 648 πολλ’
414 581 586 664 ἐπιθεῖσα,
609 582 804 670 χαριζομένη
827 580 1037 667 παρεόντων·

147 683 283 772 δαιτρὸς
305 683 342 750 δὲ
362 687 480 769 κρειιῦν
502 690 645 762 πίνακας
667 689 858 772 παρέθηκεν
880 678 1004 768 άείρας.

23 803 66 870 εἰ
90 802 156 890 γὰρ
172 804 289 870 εἴδατα
304 807 495 891 παρέθηκεν
516 799 535 890 ἡ
555 809 667 890 ταμίη,
692 803 791 892 δῆλον
813 799 859 880 ιδς
879 801 1024 887 κρεάτων
1040 803 1186 888 λείψανα

22 905 258 991 τυγχάνοντα,
287 903 346 972 τόν
375 902 510 988 δαιτρόν
533 899 590 970 οόκ
617 903 685 970 έδει
714 909 963 992 παρεισφέρειν.
1002 903 1120 987 διόπερ
1149 902 1186 970 τό
1212 917 1226 965 5

26 1009 189 1090 δίστιχον
206 1001 358 1092 άπαρκεῑ.
392 998 649 1092 ἀπαλλαγέντων
672 1007 708 1074 δὲ
730 1010 796 1074 τῶν
812 1005 1034 1074 δειπνούντων
1051 1007 1087 1072 αἱ
1108 1005 1189 1091 τρά-

26 1109 143 1189 πεζαι
172 1107 406 1193 ἐβαστάζοντο,
436 1100 551 1192 ὥσπερ
580 1106 674 1193 παρὰ
702 1122 774 1186 τοῖς
798 1112 982 1196 μνηστῆρσι
1008 1112 1037 1188 (τ
1053 1111 1105 1188 61)
1133 1109 1188 1172 καὶ

26 1225 112 1288 τοῖς
138 1210 294 1292 Φαίαξιν,
318 1203 374 1297 ἐφ’
401 1203 447 1276 τόν
468 1212 524 1276 καὶ
547 1210 650 1294 λέγει·

151 1314 343 1408 άμφιπόλοι
365 1313 398 1384 δ’
424 1313 631 1402 ἀπεκόσμεον
654 1318 747 1386 ἔντεα
771 1319 885 1398 δαιτός
908 1323 939 1407 (η
956 1325 1040 1400 232),

32 1434 143 1518 δῆλον
166 1425 212 1508 ὦς
233 1427 274 1495 τά
292 1423 415 1516 άγγεῖα.
449 1431 503 1494 καί
525 1427 587 1514 γὰρ
609 1433 675 1494 τῶν
691 1423 805 1495 ὅπλων
820 1428 861 1494 τά
878 1427 1093 1509 σκεπαστικά,
1115 1427 1189 1492 θοί-
1213 1442 1242 1492 10

32 1559 128 1620 ρακα
159 1534 216 1598 καὶ
247 1531 406 1618 κνημῖδας
438 1534 493 1598 καὶ
526 1528 569 1595 τά
598 1530 729 1606 τούτοις
762 1529 888 1618 ἐμφερῆ
921 1533 1071 1616 λέγουσιν
1104 1529 1189 1616 έντη,

32 1633 201 1720 καθάπερ
225 1627 339 1719 άγγεῑα
360 1637 427 1700 τῶν
448 1636 508 1698 τοῦ
530 1631 684 1714 σώματος
705 1635 814 1717 μερῶν
837 1627 927 1698 ὄντα.

129 1745 390 1812 Athen.112³
417 1747 466 1830 τῷ
488 1743 524 1808 δὲ
552 1739 596 1826 μὴ
626 1740 787 1830 αἴρεσθαι
815 1740 876 1818 τάς
902 1741 1068 1828 τραπέζας
1097 1740 1191 1807 έναν-

32 1849 206 1912 τιοῦσθαι
228 1843 375 1930 δοκεῖτὸ
400 1843 434 1911 ἐν
451 1838 584 1912 Ἰλιάδι·

152 1954 265 2021 έσθων
286 1957 342 2021 καί
363 1959 481 2036 πίνων,
505 1953 554 2020 έτι
575 1956 631 2020 καλ
653 1958 831 2040 παρέκειτο
853 1952 1001 2038 τράπεζα
1023 1956 1169 2047 (9476).
1214 1966 1242 2016 15

37 2065 273 2152 ἀναγνωστέον
295 2050 352 2132 σόν
375 2058 477 2132 οότω·

153 2165 266 2232 έσθων
286 2169 341 2232 καὶ
364 2173 472 2233 πίνων
494 2164 554 2245 έτι,
580 2167 636 2230 καὶ
658 2169 836 2248 παρέκειτο
858 2163 1016 2250 τράπεζα,

38 2269 64 2364 ἢ
80 2276 141 2343 τὸν
155 2274 271 2362 καιρδν
287 2276 468 2342 αἰτιᾶσθαι
484 2274 543 2340 τὸν
558 2275 710 2358 παρόντα
733 2274 792 2340 δεῖ.
827 2277 901 2350 πιῦς
921 2273 983 2360 γάρ
1005 2259 1045 2360 ἦν
1060 2278 1192 2360 πρέπον

40 2382 94 2464 τῷ
116 2372 260 2461 Ἀχιλλεῖ
286 2379 471 2444 πενθοῦντι
492 2382 724 2463 παρακεῖσθαι
744 2374 912 2460 τράπεζαν
934 2374 1092 2463 καθάπερ
1120 2389 1191 2450 τοῖς

43 2475 285 2563 εὐωχουμένοις
307 2473 389 2567 παρ’
416 2471 495 2566 όλην
516 2476 575 2564 τὴν
598 2483 775 2544 συνουσίαν
783 2507 794 2560 ,·
1215 2491 1244 2540 20

544 2733 699 2800 XXXIII.

132 2865 384 2936 Athen.112¹>
407 2866 689 2965 παρετίθεντοκδὲ
712 2866 745 2932 οἱ
766 2866 826 2950 μὲν
842 2861 937 2952 άρτοι
961 2865 1019 2931 σὺν
1040 2880 1112 2942 τοῖς
1133 2892 1192 2931 κα-

45 2985 127 3052 νοῖς,
150 2968 192 3035 τά
209 2969 243 3035 δέ
260 2970 381 3036 δεῖπνα
402 2972 480 3053 κρέά
501 2965 604 3051 μόνον
624 2965 665 3053 ην
683 2961 783 3033 όπτά.
816 2965 923 3050 ζωμόν
946 2967 981 3031 δὲ
1004 2961 1061 3031 οόκ
1083 2967 1193 3034 ἐποίει

37 3067 187 3161 Ὅμηρος
208 3071 303 3138 θόων
325 3073 405 3156 βοῦς

134 3298 236 3378 (isqq.
265 3292 402 3359 Athen.
426 3293 522 3356 112³
550 3287 634 3373 μετὰ
657 3289 693 3354 δὲ
714 3287 773 3375 τὴν
796 3281 1003 3376 άναχιόρησιν
1026 3289 1061 3355 αἱ
1084 3288 1193 3371 δμωαὶ

45 3390 129 3462 (άπὸ
160 3393 220 3476 μὲν
243 3405 336 3458 σῖτον
357 3388 464 3456 πολδν
485 3383 582 3477 ᾕρεον
603 3392 659 3456 καὶ
680 3389 847 3476 τράπεζαν
875 3393 931 3456 καί
957 3384 1056 3456 δέπα’
1082 3395 1112 3469 (τ
1128 3393 1192 3469 61).
1216 3405 1245 3454 25

135 3615 283 3667 Avcrosus
310 3615 394 3681 hsqq.
421 3611 649 3664 Aristarchus
667 3611 702 3666 ad
720 3616 806 3682 ηίῖ4.

136 3711 236 3776 10sqq.
263 3703 504 3759 Aristarchus:
522 3703 679 3772 Apollon.
699 3703 797 3772 Soph.
814 3720 842 3772 p.
853 3706 894 3770 69,
907 3703 1043 3769 irssehk„
1062 3704 1195 3760 scholis

50 3795 118 3849 Vcn.
131 3793 156 3845 A
171 3791 233 3845 etB
249 3789 285 3843 sd
302 3793 329 3844 Γ
340 3791 398 3843 339.

137 3879 236 3944 13εηη.
263 3874 495 3928 Aristarchus
519 3873 554 3927 sd
577 3875 667 3928 62476
689 3871 718 3924 in
742 3871 801 3925 cod.
821 3869 890 3923 Vici.
915 3871 959 3933 (ci.
978 3871 1072 3928 Hiller.
1097 3872 1194 3928 Philol.

49 3960 168 4018 XXVIII
182 3964 248 4026 115).

136 4049 169 4100 22
179 4061 219 4114 sq.
243 4043 476 4098 Aristarchus
494 4041 529 4096 sd
547 4041 720 4098 Hui-Veh.
733 4041 765 4097 B.
