3008 4734
228 307 270 363 De
288 307 455 364 Dioscuridis
473 311 538 382 περὶ
556 313 614 366 ταῖν
631 302 700 383 παρ’
714 304 823 385 Ὁμήρῳ
841 307 938 381 νόμων
956 313 1054 368 libello
1061 297 1064 303 ⁴
1155 312 1215 372 103

60 481 153 542 σθαί
176 500 261 564 φησι
285 481 323 565 (φ
339 479 424 558 294).
459 480 515 546 καλ
536 477 685 566 κράσεων
708 478 743 545 δὲ
764 483 839 568 γένη
856 479 1078 569 διάφοραέπί
1036 501 1214 550 π·σταται

60 571 122 644 οὐκ
139 605 182 644 αν
197 576 261 664 γάρ
276 572 443 661 Ἀχιλλεύς
463 605 501 646 το
491 577 699 666 ζωρότερον
718 585 882 668 κεραίρειν
904 582 1065 650 διέστειλε
1086 589 1117 662 (Ι
1130 589 1214 666 203),

58 678 106 766 μὴ
133 675 239 769 ούσης
259 679 352 757 τινός
372 685 597 769 καθημερινῆς
618 681 775 767 κράσεως.

580 869 702 935 XXIII.

151 984 409 1051 Athon.110⁵
436 982 488 1050 διδ
513 976 928 1069 ούδὲνθαυμαστὸντοδς
956 979 1042 1052 ούτω
1063 992 1214 1074 τεθραμ-

61 1088 186 1168 μένους
216 1077 465 1203 ἀφλεγμάντους
494 1081 639 1151 εἶναι
602 1112 645 1152 τα
667 1109 807 1170 σωματα
834 1092 889 1156 καὶ
917 1087 978 1167 τάς
1005 1088 1124 1174 ψυχάς.
1162 1087 1213 1155 έν·
1236 1103 1250 1152 ⁵

64 1171 338 1268 δεικνύμενος
299 1211 356 1252 ουν
370 1188 426 1253 καὶ
447 1184 507 1274 την
523 1180 723 1265 εύταξίαν“
698 1213 744 1266 ως
764 1185 907 1275 ὑγιεινόν
929 1189 999 1256 ἐστι
1022 1185 1136 1256 καὶ”
1100 1214 1214 1278 ευχρη-

63 1309 146 1353 στον
168 1289 224 1353 καλ
246 1285 372 1367 κοινόν,
400 1286 459 1354 τόν
482 1287 679 1375 σοφώτατον
701 1295 855 1376 Νέστορα
882 1297 1046 1410 πεποίηκε
1075 1294 1125 1370 (Λ
1139 1291 1213 1372 639)

64 1387 229 1470 Μαχάονι
249 1391 298 1476 τῷ
321 1387 422 1476 ἰατρφ
410 1389 695 1476 ’χ’τετρωμένι)
660 1417 719 1458 τον
742 1378 900 1471 δεξιόν
872 1417 963 1477 ωμον
978 1395 1214 1480 προσφέροντα

65 1487 169 1572 οίνον,
197 1503 272 1568 ταῖς
294 1491 496 1578 φλεγμοναῖς
518 1488 799 1560 έναντιούτατον”
779 1519 872 1574 οντα,
900 1496 956 1560 καί
978 1495 1095 1559 τοῦτον
1117 1491 1214 1579 Πρά-

63 1616 197 1676 μνειον,
226 1589 265 1659 όν
286 1590 381 1675 ἰ’δμεν
402 1589 511 1674 παχύν
532 1595 588 1659 καί
610 1592 822 1684 πολύτροφον
850 1577 901 1674 (ού
924 1587 1146 1681 διφόσεως”
1123 1617 1211 1673 ακος,
1236 1606 1264 1657 10

65 1685 145 1760 ἀλλ’
171 1691 387 1780 ἐμφορήσεως
415 1692 522 1760 ἕνεκα·
553 1694 727 1762 πεπωκότι
748 1697 826 1781 γοῦν
848 1692 1108 1782 παρακελεύεται
1135 1715 1212 1760 σον-

65 1798 150 1877 εχως
171 1798 269 1862 τοῦτο
285 1807 412 1861 ποιεῖν·
431 1789 486 1861 ‘05
501 1799 571 1879 μέν,
591 1801 676 1883 φησί
696 1799 740 1875 (Ξ
753 1801 794 1877 5),
816 1809 895 1863 πῖνε
908 1787 1134 1882 καθήμενος),
1156 1796 1212 1861 καὶ

65 1894 247 1974 ἐπιξύοντα
261 1894 359 1982 τυρὸν
375 1894 510 1982 α’ίγειον,
531 1891 604 1963 ‘ini
620 1897 656 1963 δὲ
670 1896 812 1982 κρόμυον
828 1900 934 1964 ποτοῦ
949 1889 1050 1981 όφον’
1063 1900 1113 1976 (Λ
1127 1900 1211 1976 630),

64 1997 123 2064 ἵνα
151 1997 269 2064 πλεῖον
296 2002 395 2084 πίνῃ,
425 2002 535 2063 καίτοι
565 1991 708 2080 ἀλλαχοῦ
737 2000 838 2085 λέγων
866 2002 909 2078 (Ζ
929 2001 1002 2090 205)
1034 1994 1093 2062 τόν
1123 1992 1212 2062 οίνον

66 2097 192 2164 ἐκλύειν
206 2096 265 2183 τὴν
282 2097 373 2181 ἰσχύν
387 2100 442 2164 καὶ
461 2091 653 2184 ἀπογυιοῦν.
688 2101 767 2185 περὶ
790 2099 826 2165 δέ
848 2102 907 2164 τοῦ
920 2090 1077 2183 Ἕκτορος
1096 2093 1210 2184 Ἑκάβη
1234 2112 1262 2163 11

65 2204 110 2280 (Ζ
123 2201 198 2278 258)
226 2198 359 2289 οἰομένη
382 2215 492 2285 μενεῖν
515 2195 614 2268 αὐτὸν
637 2198 673 2267 τό
697 2198 979 2280 καταλειπόμενον
1001 2201 1059 2284 τῆς
1087 2193 1212 2283 ἡμέρας

65 2301 253 2386 παρακαλεῖ
275 2315 366 2370 πιεῖν
389 2309 590 2384 σπείσαντα,
620 2303 873 2389 προτρεπομένη
901 2299 949 2376 εἰς
977 2298 1161 2386 θυμηδίαν·
1192 2297 1211 2364 5

66 2395 100 2468 δ’
119 2397 341 2488 ὑπερτίθεται
363 2402 450 2490 πρὸς
473 2404 595 2491 πράξιν
613 2401 719 2482 ἐξιών.
753 2404 809 2468 καί
830 2399 851 2487 ἢ
873 2401 933 2485 μὲν
949 2393 1212 2486 ἀπερισπάστως

65 2503 200 2570 ἐπαινεῖ
218 2501 277 2571 τόν
293 2501 392 2584 οίνον,
416 2503 434 2571 5
454 2505 489 2572 δὲ
511 2503 594 2589 μετά
611 2500 788 2589 ἀσθματος
808 2494 896 2591 ἥκων
918 2496 1122 2568 ἀπωθεῖται.
1155 2503 1211 2567 καὶ

111 2668 200 2750 οίνός
223 2694 260 2738 σε
281 2672 380 2758 τρώει
402 2668 569 2762 μελιηδής,
592 2667 630 2751 ός
651 2698 688 2740 τε
709 2675 764 2739 καὶ
787 2666 906 2748 ἀλλους
1147 2671 1155 2688 ’
1233 2685 1262 2735 10

108 2767 304 2858 βλάπτει,
285 2799 323 2852 ος
339 2769 379 2841 ἀν
394 2801 451 2859 μιν
464 2773 586 2858 χανδόν
602 2775 668 2862 ἕλη,
690 2767 771 2861 μηδ’
787 2772 907 2856 α’ίσιμα
922 2777 1003 2859 πίνη
1019 2775 1057 2858 (φ
1070 2774 1186 2856 29411)
1188 2775 1210 2852 )·

64 2875 103 2943 τό
129 2876 165 2942 55
187 2873 334 2954 ἐκείνως·

110 2969 204 3062 ἀνδρί
228 2975 263 3042 δὲ
284 2980 447 3064 κεκμηῶτι
468 2981 566 3059 μένος
588 2980 672 3060 μέγα
695 2972 783 3050 ολνος
806 2967 896 3052 ἀέξει
917 2980 960 3051 (Ζ
973 2977 1057 3050 261).

152 3084 250 3164 9sqq.
280 3074 404 3165 [Plan]
426 3081 480 3144 l..l
504 3099 531 3144 ε.
548 3081 610 3142 206
637 3073 695 3141 τὸν
718 3074 754 3140 δὲ
777 3073 926 3161 σφοδρὸν
947 3075 1002 3139 καλ
1028 3071 1211 3154 καρωτικὸν

65 3203 112 3264 τφ
99 3155 329 3246 Ιάύκλωπιύ
350 3173 525 3256 Ὀδυσσεύς
548 3180 776 3263 παρατίθησι·
799 3172 857 3241 τὸν
875 3173 911 3240 55
934 3172 1102 3290 στύφοντα
1125 3171 1210 3256 πρὸς
1233 3189 1262 3238 15

67 3281 168 3347 ἰἀσιν.
206 3274 302 3358 ούτος
323 3280 385 3368 γάρ
408 3280 498 3347 ἐστιν
520 3275 538 3346 5
562 3271 788 3370 Πράμνειος,
785 3274 823 3343 δν
844 3301 890 3362 τῳ
879 3269 1066 3357 Μαχάονι
1088 3297 1211 3358 τιτρω-

66 3387 211 3468 μένφί
178 3381 324 3448 δί.δωσιν
435 3407 437 3412 ·

150 3480 273 3570 [Plut]
295 3485 349 3549 λλ.
373 3505 399 3550 ε.
416 3488 477 3548 210
500 3480 558 3548 τὸν
574 3481 610 3548 δὲ
624 3480 793 3562 Μαχάονα
810 3481 984 3604 τρωθέντα
1007 3469 1044 3541 05
1067 3475 1210 3564 μεγάλην

67 3577 211 3650 ούδέκα
171 3589 299 3670 καρίιον
328 3582 455 3704 πληγὴν
483 3582 540 3650 ἐπὶ
569 3587 628 3649 τοῦ
657 3577 764 3665 ὤμου,
795 3579 930 3656 εἰκότως
959 3571 1210 3665 ἀφυλακτοτέρφ

67 3687 138 3752 διαί
125 3691 177 3772 ίτη
200 3697 295 3750 ποιεῖ
314 3683 492 3771 χρώμενον.
1232 3693 1262 3742 00

148 3870 298 3923 Ανσυοῐσεε
326 3873 405 3937 lsqq.
428 3869 524 3937 corp.
542 3867 663 3936 perip.:
687 3866 772 3920 Plut.
791 3867 895 3932 quaest.
911 3861 1014 3918 conviv.
1026 3862 1052 3918 V
1064 3868 1080 3918 4
1092 3879 1123 3917 11.

153 3958 251 4023 l8sqq.
280 3953 374 4022 corp.
398 3953 522 4022 perIp.:
549 3951 710 4020 Porphyr.
733 3949 769 4005 ad
791 3953 816 4005 Z
831 3950 880 4001 265
903 3965 930 4018 ρ.
945 3952 1002 4013 101,
1020 3949 1103 4016 23εη.
1123 3946 1210 4012 Schr.,

66 4057 93 4110 p.
109 4044 166 4104 101,
180 4044 262 4106 5nqq.
281 4037 358 4091 Sehr.
