3018 4736
300 314 364 372 164
746 309 883 366 Rohertus
901 308 1001 364 Weber

1494 407 1495 460 i

299 485 511 552 Troianorum
532 484 619 550 tibiis
641 483 803 566 conspirat
816 482 1001 548 Athenaeus
1024 502 1054 565 p.
1073 475 1125 544 16⁵
1148 479 1197 557 (fr.
1215 480 1256 542 42
1271 498 1303 562 p.
1322 479 1396 561 118,
1409 480 1450 542 20
1494 505 1495 514 .

302 589 406 666 -22).
448 583 669 652 Aristarchum
696 589 804 651 autem
831 584 865 649 in
893 582 944 650 his
973 579 1204 668 persequendis
1233 581 1329 646 rebus
1356 580 1454 646 Dios-

300 687 427 756 eurides
442 687 570 754 videtur
585 691 712 752 seoutus
728 705 808 768 esse,
826 684 860 750 id
875 684 962 767 quod
977 689 1130 767 quantum
1147 682 1276 765 quidem
1291 680 1336 747 ad
1353 681 1454 748 tibias

300 789 487 857 ebarharis
509 787 671 854 adhibitas
693 787 847 871 pertinet,
876 806 974 870 supra
995 806 1026 869 p.
1045 785 1105 850 138
1117 804 1165 867 sq.
1187 784 1252 849 iam
1274 784 1456 865 tetigimus.
1495 794 1496 820 ί

301 890 498 958 Aristonicus
513 891 598 957 enim
613 889 657 955 ad
671 889 786 954 verba:
813 888 926 972 Τρῶες
937 937 946 952 .
959 937 967 952 .
981 936 989 952 .
1003 937 1011 951 .
1024 879 1168 968 ἄβρομοι
1188 875 1321 964 αὗίαχοι
1335 886 1385 963 (Ν
1398 887 1458 963 41)
1495 917 1496 1008 η

302 992 335 1057 in
346 991 466 1056 VemA
482 990 563 1058 haee
578 989 691 1058 habet:
706 984 726 1074 ἡ
744 988 847 1074 διπλῆ
858 979 912 1054 ὅτι
924 981 999 1054 ἀντὶ
1009 989 1069 1052 τοῦ
1084 980 1167 1071 ἄγαν
1178 988 1383 1072 βρομοῦντες
1394 988 1456 1052 καὶ

303 1086 386 1176 ἄγαν
409 1090 586 1174 ἰαχοῦντες,
608 1083 682 1156 κατ’
703 1087 857 1156 ἐπίτασιν
879 1091 939 1155 τοῦ
962 1115 983 1154 α
1004 1091 1166 1171 κειμένου.
1209 1085 1366 1152 ἑκάστοτε
1387 1085 1456 1173 γὰρ

301 1191 511 1277 θορυβώδεις
525 1189 603 1270 τοὺς
621 1194 738 1278 Τρῶας
753 1196 967 1278 παρίστησιν.
1005 1191 1159 1257 Eiusdem
1173 1196 1280 1257 autem
1295 1191 1457 1274 interpre-

302 1296 431 1362 tationis
453 1295 610 1378 fragmina
630 1295 731 1360 multa
746 1297 842 1360 etiam
864 1299 975 1360 natant
996 1293 1030 1358 in
1046 1291 1241 1360 seholiorum
1263 1291 1457 1359 Homerioo·

303 1417 373 1462 rum
387 1397 537 1481 colluvie,
552 1397 646 1480 plura
661 1415 757 1480 quam
772 1397 926 1480 Hagenus
941 1395 1057 1477 attulit,
1080 1413 1164 1478 quae
1180 1414 1221 1460 ex
1236 1393 1457 1460 Austaroheis

303 1498 405 1581 oopiis
427 1516 595 1581 superesse
609 1517 692 1564 nune
713 1499 810 1564 faoiie
825 1497 885 1563 tibi
906 1495 1124 1582 persuadebis.
1161 1495 1234 1562 Hue
1253 1497 1339 1562 enim
1353 1497 1457 1579 perti·

185 1620 189 1628 ·
302 1605 380 1666 nent
394 1619 478 1682 quae
492 1599 632 1665 Venetus
648 1599 674 1664 B
695 1600 739 1666 ad
760 1598 844 1665 huno
859 1617 986 1664 versum
1002 1601 1038 1660 N
1049 1601 1087 1662 41
1113 1597 1269 1663 servavit:
1294 1590 1455 1680 ἄβρομοι]

303 1698 533 1784 πολύβρομοι.
550 1697 726 1786 φύσειγὰρ
742 1693 834 1776 ὄντες
848 1695 1057 1784 θορυβώδεις
1071 1699 1111 1784 τῇ
1127 1701 1198 1784 νίκῃ
1213 1698 1332 1763 πλεῖον
1348 1701 1459 1782 θορυ-

303 1803 428 1885 βοῦσιν,
457 1821 539 1886 quae
567 1821 638 1868 eum
661 1803 774 1868 Dionis
802 1802 910 1869 verbis
938 1802 1021 1867 hene
1050 1802 1251 1867 conveniunt
1294 1801 1457 1868 Diversos
1497 1840 1498 1904 η

305 1905 431 1970 omnino
447 1903 640 1970 Graecorum
663 1910 695 1968 et
716 1905 927 1970 Troianorum
949 1903 1108 1969 exereitus
1130 1902 1317 1987 depinxisse
1332 1902 1457 1970 Home·
1497 1975 1498 1980 ,

304 2024 374 2071 rum
395 2006 429 2070 in
450 2002 581 2070 seholiis
603 2005 773 2088 exponitur
794 2005 919 2072 Venh
939 2004 983 2070 ad
1006 2007 1036 2068 Γ
1050 2009 1078 2085 1,
1101 2004 1223 2070 Ven.B
1245 2005 1289 2070 ad
1312 2007 1377 2068 F2
1401 2005 1457 2082 (of.

303 2105 430 2190 Hagen.
446 2105 467 2170 l.
483 2105 532 2182 l.):
562 2097 664 2191 ἄμφω
686 2101 747 2181 τὰς
776 2102 935 2192 στρατιὰς
957 2102 1117 2170 διατυποῖ
1136 2107 1192 2171 καὶ
1218 2109 1315 2190 μέχρι
1336 2107 1459 2183 τέλους

306 2197 364 2271 οὐκ
386 2203 556 2283 ἐξίσταται
575 2207 635 2272 τοῦ
656 2199 763 2291 ἤθους
781 2199 878 2272 (ὥστ’
897 2200 965 2283 διες
980 2200 1228 2288 πολυπάμονος
1246 2212 1290 2285 (Δ
1305 2209 1384 2287 433)
1400 2210 1459 2273 καὶ

302 2301 350 2384 ςἐς
376 2299 500 2393 Τρώων
521 2299 648 2392 ὅμαδον
669 2301 745 2374 κίεν’
770 2312 822 2388 (Η
834 2313 918 2389 307).
955 2309 1007 2376 Ad
1028 2313 1060 2374 A
1075 2311 1136 2375 433
1159 2316 1266 2376 autem
1281 2312 1315 2374 in
1331 2311 1415 2377 Ven.
1432 2311 1459 2377 B
1498 2364 1499 2412 η

305 2409 387 2477 haee
408 2415 495 2477 sunt:
518 2409 641 2476 ε’ίωθεν
664 2403 695 2475 δ’
716 2404 769 2477 ἀεὶ
791 2405 1095 2496 ἀντιπαραβάλλειν
1109 2407 1146 2475 τὸ
1170 2409 1366 2494 θορυβῶδες
1388 2415 1460 2478 τιῦν
1498 2417 1499 2462 f

310 2508 443 2594 Τρώων.
481 2508 591 2576 δειλὸν
615 2510 651 2576 δὲ
665 2513 722 2576 καὶ
743 2511 933 2598 κατωφερὲς
953 2505 973 2597 ἡ
997 2505 1058 2591 δις,
1082 2519 1114 2578 et
1135 2512 1178 2579 ed
1199 2517 1240 2577 H
1252 2515 1324 2578 306.
1340 2516 1406 2579 307
1425 2518 1460 2582 in

307 2612 422 2679 eodem
443 2613 540 2678 libro:
564 2608 623 2677 ἐπὶ
636 2611 860 2695 μὲνΑἵαντος
873 2610 931 2679 τδν
947 2611 1038 2694 λαόν,
1062 2610 1120 2679 ἐπὶ
1143 2611 1179 2678 δὲ
1193 2609 1349 2697 Ἕκτορος
1371 2606 1460 2698 δμα-

304 2710 363 2777 δόν
385 2732 470 2799 φησι
492 2710 692 2790 διαστείλας.
737 2707 790 2780 ἀεὶ
812 2712 874 2802 γὰρ
896 2711 1106 2800 θορυβώδεις
1129 2706 1249 2792 αὐτοὺς
1277 2711 1459 2798 ἐκδέχεται.

303 2815 387 2882 Tum
407 2814 451 2880 ad
475 2817 505 2879 Θ
521 2818 582 2880 542
604 2817 638 2883 in
667 2823 801 2901 utroquo
832 2817 944 2884 oodiee
966 2816 1047 2884 haee
1069 2818 1233 2901 leguntur:
1261 2817 1372 2895 καλῶς
1394 2817 1458 2887 ἐπὶ

302 2915 363 2999 μὲν
380 2917 447 2980 τών
460 2909 620 3003 Ἑλλήνων
635 2919 738 3005 φησίν
750 2911 906 3005 ςἈργεῖοι
922 2918 958 2984 δὲ
972 2911 1046 3004 μέν’
1065 2910 1167 3000 ἴσχαν’
1185 2921 1226 2998 (Β
1241 2921 1326 2999 333),
1343 2917 1402 2986 ἐπί
1421 2921 1461 2986 δὲ

303 3019 369 3084 τών
389 3015 512 3104 Τρώων
525 3011 729 3106 κελάδησαν
749 3022 845 3105 λέγει.
881 3020 1076 3106 θορυβῶδες
1090 3018 1152 3105 γὰρ
1174 3012 1256 3104 (ἀεὶ)
1269 3017 1307 3086 τὸ
1324 3025 1460 3106 βαρβα-

305 3117 406 3207 ρικόν.
452 3121 545 3188 Unde
567 3121 629 3190 hoe
645 3143 772 3207 quoque
787 3122 932 3190 soholion
946 3123 1131 3190 Aristareho
1146 3125 1215 3188 iure
1235 3123 1460 3194 vindicaveris

305 3223 339 3288 in
360 3222 482 3288 Ven.B
503 3223 546 3290 ad
567 3229 600 3287 A
615 3227 692 3291 437:
724 3221 859 3298 εἰκότως
886 3221 924 3289 τὸ
954 3223 1124 3309 βάρβαρον
1145 3226 1289 3307 θορυβεῖ
1315 3225 1459 3307 μᾶλλον,

306 3319 549 3409 ἑτερόγλωσσον
571 3318 619 3389 δν.
664 3321 768 3409 ὃγδρ
796 3321 839 3410 μή
872 3319 961 3390 ἐστιν
989 3319 1178 3411 ὁμόφωνον,
1206 3326 1305 3390 τοῦτο
1330 3318 1459 3416 ἀνάγκη

306 3427 498 3511 θορυβεῖν.’
522 3424 589 3492 Sed
604 3445 700 3510 super
722 3426 918 3494 Graeeorum
939 3426 1036 3492 laude
1067 3428 1163 3510 plane
1187 3427 1306 3493 similia
1328 3429 1459 3497 Plutar-

306 3526 395 3594 oheis
417 3533 451 3594 et
466 3527 599 3594 Dioneis
615 3527 722 3594 verbis
745 3527 878 3594 exhibet
899 3526 1045 3594 scholion
1067 3528 1188 3594 Ven.B
1210 3528 1253 3594 ud
1267 3533 1299 3592 A
1315 3533 1378 3595 429
1402 3537 1459 3612 (ef.

304 3627 429 3711 Hagen.
445 3630 466 3695 l.
482 3631 533 3704 l.):
557 3677 564 3694 .
578 3677 585 3694 .
600 3678 608 3694 .
622 3677 630 3695 .
645 3621 830 3714 induruisse
850 3630 928 3712 γοῦν
951 3621 1060 3714 ἄκρως
1081 3623 1127 3704 ώς
1150 3619 1323 3706 εὐπειθεῖς
1336 3622 1460 3721 (Έλλη-

307 3749 360 3802 νες
380 3724 458 3804 τοὺς
479 3728 661 3811 πολεμίους
683 3721 721 3794 οὗ
745 3727 891 3806 δεδιότες
921 3722 1005 3794 ἀλλὰ
1027 3729 1152 3812 μᾶλλον
1173 3726 1251 3806 τούς
1277 3723 1459 3816 ἡγεμόνας.

307 3830 357 3895 Ex
386 3828 447 3896 hae
475 3839 581 3896 autem
603 3830 809 3898 Aristarehea
839 3832 985 3898 doetrina
1006 3831 1203 3915 Porphyrius
1231 3850 1361 3918 quoque
1384 3858 1460 3904 ver-

306 3932 431 3999 borum:
462 3924 533 3994 ‘udo
564 3924 594 3994 δ’
620 3923 693 3998 οὔτι
719 3936 874 4020 προσέφη
903 3931 1060 4017 κρατερὸς
1081 3929 1254 4018 Διομήδης
1281 3931 1461 4017 αἰδεσθείς

307 4032 467 4117 βασιλῆος
496 4024 625 4117 ἐνιπήν’
652 4035 706 4112 (ed
727 4036 760 4100 A
776 4039 848 4100 401.
864 4037 938 4112 402)
960 4035 1044 4102 hane
1072 4035 1263 4101 solutionem
1292 4038 1355 4104 sihi
1379 4060 1458 4108 oon·
