3018 4736
301 304 363 362 144
743 301 879 358 Robertus
898 301 997 356 Weber

301 473 458 563 ἓξήτησαν
481 472 593 540 διὰτί
618 487 689 552 τοῖς
716 478 814 551 θεοῖς
841 465 1006 556 ἀπένεμον
1027 470 1088 549 τὰς
1115 469 1284 557 γλώσσας,
1314 493 1355 539 ex
1377 493 1448 556 quo

299 578 342 644 ad
364 585 503 645 nostram
525 597 593 644 rem
614 583 774 662 spectant:
796 575 830 642 οἱ
852 574 888 640 δὲ
909 571 963 642 ότι
985 574 1036 642 δεῖ
1057 573 1177 640 παύειν
1194 565 1295 660 αὐτὴν
1313 581 1368 652 (so.
1383 571 1449 659 τὴν

299 680 463 764 γλῶσσαν)
486 677 534 755 εἰς
554 683 666 766 κοίτην
682 677 804 756 ἰόντας.
835 674 918 744 ὅθεν
933 679 987 744 καί
1002 679 1050 763 τῷ
1062 671 1164 764 Ἑρμῇ
1179 673 1323 762 πυμάτῳ
1339 679 1451 740 σπίν-

301 780 415 846 δεσκον
442 785 474 868 (η
492 785 572 858 138).
617 781 739 849 Eodem
768 782 926 867 pertinent
953 781 1088 848 frustula
1114 780 1294 866 adq138:
1323 773 1447 844 διὰτὸ

299 889 416 967 μνείαν
438 881 521 964 ἔχειν
544 880 641 966 λόγου
663 879 721 948 τὸν
742 879 955 965 κοιμώμενον.
992 869 1013 966 ἢ
1035 877 1088 946 ότι
1109 877 1214 946 όπνου
1243 875 1451 964 παρεντικὸς

301 981 426 1061 desig.
451 988 516 1062 E.¹)
547 985 661 1050 Mirum
676 991 781 1051 autem
795 984 877 1050 illud
892 991 941 1052 est
959 985 992 1049 in
1014 982 1076 1050 hac
1096 1003 1140 1068 re,
1164 983 1251 1066 quod
1272 985 1356 1049 inter
1369 1002 1450 1048 sese

301 1089 423 1155 confusi
438 1093 510 1154 sunt
525 1087 690 1170 Odysseae
705 1087 769 1154 duo
784 1087 847 1154 loci
869 1111 888 1173 η
907 1090 976 1152 137.
995 1087 1054 1150 138
1079 1092 1110 1152 et
1130 1108 1150 1168 γ
1166 1087 1237 1151 332.
1254 1087 1325 1149 341.
1358 1085 1451 1150 Nam
1492 1086 1493 1170 l

301 1191 368 1256 illic
390 1192 423 1254 in
445 1187 600 1256 sacrificio
616 1189 772 1255 Mercurio
794 1188 881 1272 apud
902 1188 1066 1256 Phaeaces
1087 1195 1200 1273 parato
1221 1185 1303 1252 nihil
1325 1187 1450 1270 legitur

301 1290 342 1357 de
371 1292 488 1374 hugnis
518 1290 735 1372 immolandis,
768 1292 823 1356 uhi
855 1296 961 1358 autem
993 1291 1122 1374 linguae
1153 1294 1449 1358 commemorantur

300 1393 405 1475 7332.
423 1394 493 1474 341,
516 1393 612 1458 immo
635 1399 670 1457 ut
690 1391 840 1475 Neptuno
862 1391 1051 1482 sacrificium
1072 1391 1136 1477 fiat,
1159 1397 1268 1458 monet
1285 1391 1446 1456 Minerva.
1493 1406 1494 1466 l

385 1494 540 1560 Heracliti
564 1500 670 1560 autem
693 1501 726 1560 et
746 1492 917 1578 Porphyrii
945 1494 995 1561 his
1017 1495 1050 1559 in
1072 1495 1167 1560 rebus
1189 1511 1361 1560 consensus
1381 1511 1447 1557 nos

300 1598 432 1663 remittit
459 1596 502 1662 ad
530 1617 728 1662 communem
757 1596 915 1678 quendam
944 1598 1079 1679 fontem,
1110 1614 1205 1678 quem
1233 1593 1284 1661 his
1312 1592 1446 1677 quidem

301 1700 394 1764 rebus
416 1718 479 1764 non
500 1699 626 1764 attactis
649 1697 845 1764 Schraderus
867 1699 888 1763 l.
903 1700 924 1763 l.
948 1719 979 1783 p.
996 1701 1163 1764 393-406
1186 1696 1318 1762 detexit.
1358 1693 1446 1759 Stoi·
1494 1724 1495 1794 ρ

301 1820 407 1866 carum
435 1800 515 1865 illud
543 1818 657 1882 corpus
684 1799 908 1882 allegoriarum
940 1810 1003 1884 est,
1037 1799 1123 1883 quod
1150 1799 1295 1864 Vitruvio
1324 1797 1446 1879 aliquis
1494 1821 1495 1824 ¹

301 1902 456 1967 vetustior
471 1898 623 1984 condidit,
640 1919 681 1966 ex
696 1921 759 1983 quo
775 1900 924 1968 thesauro
936 1901 1092 1968 Heracleo
1108 1899 1333 1985 grammaticus
1344 1897 1446 1976 (undo

301 2002 424 2068 Probus
439 2008 471 2067 et
488 2000 605 2068 Sextus
620 2002 810 2086 Empiricos)
835 2009 866 2069 et
880 2003 1061 2070 Heraclitus
1078 2003 1245 2068 materiam
1260 2000 1448 2067 delibarunt

301 2111 333 2170 et
355 2102 531 2169 enchiridio
547 2103 685 2186 quodam
700 2104 844 2172 breviato
867 2104 1083 2171 intercedente
1098 2103 1256 2170 Stohaeus
1272 2107 1304 2169 et
1318 2102 1446 2168 Plutar-

301 2205 379 2272 chus
400 2211 588 2288 personatus
609 2206 712 2271 libelli
727 2205 768 2273 de
783 2208 851 2273 vita
866 2213 898 2273 ct
912 2208 1003 2291 poesi
1018 2206 1149 2273 Homeri
1164 2206 1308 2288 scriptor.
1343 2203 1446 2269 (luins

301 2308 487 2374 memoriam
501 2305 643 2374 Diolsius
658 2309 813 2376 excitavit
835 2308 887 2386 (do
903 2306 1101 2392 doxograph.
1117 2307 1230 2374 Graec.
1251 2328 1283 2392 p.
1296 2309 1336 2371 88
1349 2309 1445 2389 sqq.).

301 2409 394 2488 Quod
417 2411 514 2475 etiam
536 2407 791 2491 Athenagoram,
814 2409 987 2476 Minucium
1008 2410 1167 2492 Felicem,
1189 2409 1271 2476 alios
1292 2409 1326 2474 in
1349 2429 1446 2475 sunm
1496 2362 1497 2450 ί

283 2531 392 2576 usum
414 2530 548 2576 vocasse
563 2510 769 2576 Neumannus
791 2512 913 2576 monuit
931 2504 1029 2576 ‘coa
1045 2512 1106 2593 gel.
1122 2501 1209 2576 Ana'
1226 2512 1308 2575 1884
1323 2529 1355 2594 p.
1369 2513 1444 2575 360.

301 2611 367 2677 Sed
381 2609 595 2694 Porphyrium
613 2630 740 2694 quoque
762 2613 795 2676 in
817 2611 1046 2696 componendis
1069 2612 1308 2694 quaestionibus
1324 2611 1443 2678 Home-

300 2714 375 2780 ricis
399 2713 639 2796 compilatorem
661 2713 760 2780 fuisse
780 2713 978 2781 Schraderus
1000 2715 1219 2798 comprobavit
1238 2715 1326 2790 l.1.2)

304 2868 502 2878 ...-*--

388 2952 410 3014 1)
428 2945 506 3002 Unde
520 2947 662 3018 Porphyrii
680 2949 808 3017 reliquiae
825 2949 949 3004 ridentur
966 2964 1025 3004 esse
1043 2949 1121 3003 etiam
1139 2948 1242 3003 scholia
1259 2949 1294 3003 ad
1311 2952 1389 3005 xiil
1410 2949 1445 3003 de

299 3034 410 3090 vocibus
419 3027 551 3106 Ἑρμείας
560 3029 766 3108 χρυσόρραπις]
780 3075 823 3090 ...
838 3024 883 3090 ότι
896 3029 912 3091 ό
925 3030 1012 3106 λόγος
1024 3029 1094 3100 θεὸς
1104 3038 1174 3099 κτλ,
1192 3033 1226 3087 ad
1237 3053 1256 3088 κ
1265 3037 1328 3086 3⁰5:
1348 3074 1354 3086 .
1369 3075 1394 3090 ..
1407 3029 1445 3090 τὸ

300 3124 387 3189 μῶλυ,
405 3113 491 3175 τοῦτό
509 3136 576 3188 φησι
593 3113 647 3174 τὸν
664 3119 773 3176 τέλειον
789 3115 887 3191 λόγον,
904 3113 955 3191 ὑφ’
969 3109 1002 3176 οὗ
1019 3110 1218 3192 consortium
1236 3111 1318 3176 οὐδὲν
1336 3123 1446 3176 παθεῖν

299 3201 426 3268 ἐδύνατο,
442 3203 477 3257 ad
489 3221 505 3258 ο
516 3205 578 3255 319:
590 3199 683 3274 ἐπειδὴ
696 3196 864 3276 τὸνἜρμῆν
872 3208 924 3262 τοῦ
934 3199 1022 3276 λόγου
1033 3203 1163 3276 λέγουσιν
1174 3197 1284 3274 ἔφορον
1294 3208 1366 3268 κτλ,
1379 3205 1446 3260 alia.

387 3293 411 3355 2)
430 3288 473 3340 Hx
495 3287 548 3341 hcc
570 3288 714 3342 stoicorum
737 3287 923 3355 allegoriarum
946 3303 1060 3356 corpore
1083 3288 1230 3342 derivatum
1253 3303 1312 3343 esse
1336 3289 1446 3344 videtur

300 3375 381 3428 etiam
398 3372 520 3426 scholion
538 3371 573 3425 ad
590 3372 713 3441 Apollon.
733 3371 832 3426 Rhodii
850 3375 952 3435 Aeli,
975 3372 1067 3426 eadem
1085 3372 1207 3426 doctrina
1224 3373 1369 3442 repletum:
1397 3366 1446 3432 ότι

301 3454 371 3524 ἕδος
387 3448 493 3528 ἦντοῖς
510 3461 642 3522 παλαιοῖς
659 3459 789 3528 κρατῆρα
807 3460 916 3529 κιρυᾶν,
936 3446 986 3512 ότε
1002 3456 1133 3525 μέλλοιεν
1149 3453 1305 3523 καθεύδειν,
1321 3463 1373 3514 καί
1391 3458 1448 3527 τὰς

300 3539 432 3614 γλώσσας
448 3546 506 3598 τῶν
518 3540 629 3614 ἱερείων
646 3537 773 3598 daumero
784 3545 826 3614 τῷ
839 3537 926 3613 Ἐρμῇ
936 3544 984 3597 καί
1002 3539 1178 3599 ἐπισπένδειν
1190 3538 1279 3599 οίνον.
1305 3547 1354 3600 καί
1372 3541 1448 3612 ἴσως

301 3631 434 3696 φυσικῶς.
464 3624 526 3684 ἐπεί
542 3621 598 3700 γὰρ
612 3619 713 3699 Ἑρμῆς
734 3617 821 3698 λόγος
843 3622 915 3684 είναι
933 3626 1136 3695 παραδέδοται,
1160 3623 1287 3702 ὄργανον
1304 3627 1334 3685 δὲ
1351 3621 1448 3688 αὐτοῦ

300 3705 317 3782 ἡ
339 3714 468 3782 γλῶσσα,
493 3701 554 3782 ἥτις
573 3703 664 3769 όπνου
687 3707 875 3777 ἐπιπεσόντος
900 3704 1012 3784 ἠρεμεῖ,
1036 3707 1155 3778 εἰκότως
1181 3716 1223 3788 τῷ
1241 3707 1330 3786 Ἑρμῇ
1352 3707 1449 3786 αὐτὴν

301 3790 428 3852 θύουσιν.
457 3798 505 3851 καί
515 3787 640 3870 Ὅμηρος
652 3790 795 3868 ιγλοίσσας
812 3789 841 3852 δ’
858 3793 890 3853 ἐν
907 3800 973 3869 πυρί
990 3789 1119 3870 βόλλον’.
1150 3797 1219 3852 Nam
1237 3799 1317 3852 etiam
1334 3797 1362 3852 in
1380 3799 1448 3855 aliis

301 3879 439 3948 Apollonii
457 3880 564 3934 scholiis
582 3882 693 3936 eundem
711 3881 811 3937 fontem
835 3882 982 3937 adhibitum
1000 3897 1059 3936 esse
1081 3886 1171 3950 potest
1193 3883 1385 3950 demonstrari,
1411 3891 1448 3941 ut

301 3965 454 4019 Heilbutius
471 3965 500 4018 in
517 3980 584 4019 mus.
598 3965 720 4022 Rhenan.
741 3968 790 4022 vol.
803 3967 920 4022 XXXIX
937 3984 964 4036 p.
978 3970 1024 4020 158
1042 3981 1100 4021 eam
1112 3967 1265 4021 memoriam
1280 3983 1349 4036 qnae
1365 3972 1448 4038 apud

301 4049 430 4105 Dielsium
447 4065 474 4117 p.
485 4054 515 4103 91
534 4051 684 4120 composita
701 4057 742 4108 est
758 4052 850 4108 iterari
866 4052 959 4108 docuit
975 4053 1004 4107 in
1021 4052 1105 4107 schol.
1118 4052 1245 4122 Apollon.
1262 4052 1297 4106 ad
1315 4057 1340 4109 A
1353 4057 1414 4109 498.
